"","des","des_es","id","type","tfs","tfs_zulu","x","y","event_num","sv_id","play_guid","start_speed","end_speed","sz_top","sz_bot","pfx_x","pfx_z","px","pz","x0","y0","z0","vx0","vy0","vz0","ax","ay","az","break_y","break_angle","break_length","pitch_type","type_confidence","zone","nasty","spin_dir","spin_rate","cc","mt","url","inning_side","inning","next_","num","on_1b","on_2b","on_3b","gameday_link","count"
"1","Called Strike","Strike cantado",3,"S","170906","2016-07-02T17:09:06Z",117.04,171.17,"3","160702_131114","738f6446-3ba5-4989-8514-f1ebe93c16a2",83.7,74.4,3.47,1.5,-5,15.46,0.046,2.552,-0.935,50,6.491,3.866,-122.454,-7.358,-7.299,33.014,-9.548,"23.6","28.6","3.7","CH",0.75,5,41,197.878,2816.661,"","","http://gd2.mlb.com/components/game/mlb/year_2016/month_07/day_02/gid_2016_07_02_clemlb_tormlb_1/inning/inning_all.xml","top",1,"Y",1,NA,NA,NA,"gid_2016_07_02_clemlb_tormlb_1","0-0"
"2","Ball","Bola mala",4,"B","170922","2016-07-02T17:09:22Z",79.34,215.86,"4","160702_131128","ed9a82bb-91b9-485f-b24d-0006910bff72",81.1,74.2,3.47,1.5,-0.01,6.8,1.035,0.896,-1.064,50,6.423,4.88,-118.508,-7.976,-0.014,26.253,-22.592,"23.8","-2.2","7.1","CH",0.868,14,45,180.082,1173.036,"","","http://gd2.mlb.com/components/game/mlb/year_2016/month_07/day_02/gid_2016_07_02_clemlb_tormlb_1/inning/inning_all.xml","top",1,"Y",1,NA,NA,NA,"gid_2016_07_02_clemlb_tormlb_1","0-1"
"3","Swinging Strike","Strike tirándole",5,"S","170936","2016-07-02T17:09:36Z",92.95,236.59,"5","160702_131141","ae076906-5d34-4a03-ac83-6b2572796d34",72.6,66.2,3.47,1.5,6.43,-7.11,0.678,0.128,-1.289,50,6.541,2.348,-106.367,-3.559,7.059,25.284,-39.912,"23.7","-10.4","15.4","CU",0.902,14,33,42.372,1428.6,"","","http://gd2.mlb.com/components/game/mlb/year_2016/month_07/day_02/gid_2016_07_02_clemlb_tormlb_1/inning/inning_all.xml","top",1,"Y",1,NA,NA,NA,"gid_2016_07_02_clemlb_tormlb_1","1-1"
"4","Ball","Bola mala",6,"B","170953","2016-07-02T17:09:53Z",95.96,226.98,"6","160702_131200","c9bf731e-323f-4b9a-99f0-3c0113f8e4c8",74.3,67.8,3.47,1.5,-6.6,13.47,0.599,0.485,-1.011,50,6.372,5.24,-108.538,-8.673,-7.728,22.342,-16.34,"23.7","20.5","6.7","CH",0.898,14,35,206.014,2355.09,"","","http://gd2.mlb.com/components/game/mlb/year_2016/month_07/day_02/gid_2016_07_02_clemlb_tormlb_1/inning/inning_all.xml","top",1,"Y",1,NA,NA,NA,"gid_2016_07_02_clemlb_tormlb_1","1-2"
"5","Ball","Bola mala",7,"B","171004","2016-07-02T17:10:04Z",67.33,206.7,"7","160702_131213","e3a94731-aee7-4a2f-aa29-52af6e4b9b48",86.7,80.1,3.47,1.5,-2.94,12.63,1.35,1.235,-0.901,50,6.342,6.582,-126.534,-10.451,-4.768,25.369,-11.581,"23.8","14.5","3.5","FF",0.945,14,40,193.035,2423.563,"","","http://gd2.mlb.com/components/game/mlb/year_2016/month_07/day_02/gid_2016_07_02_clemlb_tormlb_1/inning/inning_all.xml","top",1,"Y",1,NA,NA,NA,"gid_2016_07_02_clemlb_tormlb_1","2-2"
"6","In play, run(s)","En juego, carrera(s)",8,"X","171025","2016-07-02T17:10:25Z",118.03,172.85,"8","160702_131229","da420152-a4df-4567-941f-6e1ee69300b5",86.2,79.2,3.47,1.5,-2.33,12.48,0.02,2.49,-0.911,50,6.464,3.067,-126.133,-7.456,-3.741,26.404,-12.065,"23.8","12.9","3.5","FF",0.927,5,20,190.537,2352.622,"","","http://gd2.mlb.com/components/game/mlb/year_2016/month_07/day_02/gid_2016_07_02_clemlb_tormlb_1/inning/inning_all.xml","top",1,"Y",1,NA,NA,NA,"gid_2016_07_02_clemlb_tormlb_1","3-2"
"7","Ball","Bola mala",13,"B","171058","2016-07-02T17:10:58Z",175.89,151.6,"13","160702_131309","9e8a6bac-4e77-4a04-92fe-20862bddb68d",84.2,76.4,3.26,1.48,-2.66,13.88,-1.499,3.275,-1.069,50,6.511,-0.207,-123.426,-5.546,-4.03,28.515,-11.055,"23.7","18.3","3.5","CH",0.75,11,56,190.802,2527.176,"","","http://gd2.mlb.com/components/game/mlb/year_2016/month_07/day_02/gid_2016_07_02_clemlb_tormlb_1/inning/inning_all.xml","top",1,"Y",2,NA,NA,NA,"gid_2016_07_02_clemlb_tormlb_1","0-0"
"8","Ball","Bola mala",14,"B","171111","2016-07-02T17:11:11Z",152.91,233.68,"14","160702_131321","d00215b7-006f-41fa-a78f-454b3d2f1258",74.6,67.7,3.26,1.48,-9.81,11.38,-0.896,0.236,-1.008,50,6.369,2.939,-109.025,-8.637,-11.49,24.039,-18.776,"23.7","27.9","8.1","CH",0.907,13,46,220.615,2348.679,"","","http://gd2.mlb.com/components/game/mlb/year_2016/month_07/day_02/gid_2016_07_02_clemlb_tormlb_1/inning/inning_all.xml","top",1,"Y",2,NA,NA,NA,"gid_2016_07_02_clemlb_tormlb_1","1-0"
"9","Ball","Bola mala",15,"B","171125","2016-07-02T17:11:25Z",176.16,179.49,"15","160702_131334","777cad93-8de7-42bb-8125-5d000278ef5a",84.7,77.7,3.26,1.48,-3.71,13.11,-1.506,2.244,-1.035,50,6.407,0.025,-124.001,-7.75,-5.735,26.141,-11.805,"23.8","23.1","3.8","FF",0.912,13,23,195.723,2475.782,"","","http://gd2.mlb.com/components/game/mlb/year_2016/month_07/day_02/gid_2016_07_02_clemlb_tormlb_1/inning/inning_all.xml","top",1,"Y",2,NA,NA,NA,"gid_2016_07_02_clemlb_tormlb_1","2-0"
"10","Called Strike","Strike cantado",16,"S","171135","2016-07-02T17:11:35Z",153.67,173.44,"16","160702_131345","c579f394-c6a1-4063-984b-0cc136f8998e",83.8,76.5,3.26,1.48,-4.02,14.31,-0.915,2.469,-1.073,50,6.432,1.64,-122.696,-7.37,-6.064,26.874,-10.53,"23.7","25.2","3.6","CH",0.75,11,48,195.65,2657.777,"","","http://gd2.mlb.com/components/game/mlb/year_2016/month_07/day_02/gid_2016_07_02_clemlb_tormlb_1/inning/inning_all.xml","top",1,"Y",2,NA,NA,NA,"gid_2016_07_02_clemlb_tormlb_1","3-0"
"11","Foul","Foul",17,"S","171151","2016-07-02T17:11:51Z",98.7,187.8,"17","160702_131401","e7294964-96ea-4c5c-aea6-da7d40d228c0",84.6,77.8,3.26,1.48,0.26,9.97,0.527,1.935,-1.07,50,6.513,3.809,-123.803,-7.732,0.408,26.128,-16.722,"23.8","-3.6","4.8","FC",0.591,9,47,178.489,1811.37,"","","http://gd2.mlb.com/components/game/mlb/year_2016/month_07/day_02/gid_2016_07_02_clemlb_tormlb_1/inning/inning_all.xml","top",1,"Y",2,NA,NA,NA,"gid_2016_07_02_clemlb_tormlb_1","3-1"
"12","Swinging Strike","Strike tirándole",18,"S","171219","2016-07-02T17:12:19Z",155.77,195.12,"18","160702_131422","6b1c040b-1bed-4e82-8fa6-b45791d329a1",73.5,66.7,3.26,1.48,-8.57,9.79,-0.971,1.665,-1.198,50,6.516,2.809,-107.68,-5.228,-9.805,23.242,-20.908,"23.7","22.8","8.5","CH",0.9,13,58,221.033,2012.235,"","","http://gd2.mlb.com/components/game/mlb/year_2016/month_07/day_02/gid_2016_07_02_clemlb_tormlb_1/inning/inning_all.xml","top",1,"Y",2,NA,NA,NA,"gid_2016_07_02_clemlb_tormlb_1","3-2"
"13","Called Strike","Strike cantado",22,"S","171238","2016-07-02T17:12:38Z",112.39,195.07,"22","160702_131448","75121c66-24a0-4ff0-a990-86540f7efd24",85.5,77.6,3.38,1.56,-3.9,13.92,0.168,1.668,-0.817,50,6.392,3.648,-124.96,-9.435,-6.053,29.225,-10.465,"23.7","22.5","3.6","FF",0.949,8,56,195.578,2616.548,"","","http://gd2.mlb.com/components/game/mlb/year_2016/month_07/day_02/gid_2016_07_02_clemlb_tormlb_1/inning/inning_all.xml","top",1,"Y",3,NA,NA,NA,"gid_2016_07_02_clemlb_tormlb_1","0-0"
"14","Ball","Bola mala",23,"B","171251","2016-07-02T17:12:51Z",102.06,121.92,"23","160702_131501","c8ac790e-3446-417a-a787-ff61aa1286b4",82.7,74.8,3.38,1.56,1.67,6.95,0.439,4.375,-0.901,50,6.924,2.666,-121.194,-1.406,2.428,28.479,-21.983,"23.7","-7.7","6.3","CH",0.605,12,31,166.601,1254.084,"","","http://gd2.mlb.com/components/game/mlb/year_2016/month_07/day_02/gid_2016_07_02_clemlb_tormlb_1/inning/inning_all.xml","top",1,"Y",3,NA,NA,NA,"gid_2016_07_02_clemlb_tormlb_1","0-1"
"15","Foul","Foul",24,"S","171302","2016-07-02T17:13:02Z",150.12,156.46,"24","160702_131512","4b51e5a0-d27d-4cdc-94ed-fc5813212f48",84.7,75.7,3.38,1.56,-2.9,16.46,-0.822,3.097,-1.003,50,6.533,1.341,-124.012,-6.784,-4.366,32.364,-7.309,"23.6","23.9","2.7","FF",0.809,11,61,189.957,2953.39,"","","http://gd2.mlb.com/components/game/mlb/year_2016/month_07/day_02/gid_2016_07_02_clemlb_tormlb_1/inning/inning_all.xml","top",1,"Y",3,NA,NA,NA,"gid_2016_07_02_clemlb_tormlb_1","1-1"
"16","Foul","Foul",25,"S","171316","2016-07-02T17:13:16Z",171.47,180.6,"25","160702_131527","158a9a6f-29dc-4efd-87a1-a234aacd33c6",73.4,67.2,3.38,1.56,-7.79,11.3,-1.383,2.202,-1.334,50,6.559,2.026,-107.541,-4.685,-8.991,21.062,-19.048,"23.8","23.4","7.6","CH",0.898,13,21,214.409,2146.347,"","","http://gd2.mlb.com/components/game/mlb/year_2016/month_07/day_02/gid_2016_07_02_clemlb_tormlb_1/inning/inning_all.xml","top",1,"Y",3,NA,NA,NA,"gid_2016_07_02_clemlb_tormlb_1","1-2"
"17","Ball","Bola mala",26,"B","171337","2016-07-02T17:13:37Z",164.53,217.26,"26","160702_131545","22b493f2-c0db-41c3-b2ed-17dbea80d7ea",74.5,68.9,3.38,1.56,3.09,-7.13,-1.2,0.844,-1.185,50,6.655,-0.891,-109.165,-2.953,3.668,22.424,-40.55,"23.8","-4.9","14.1","CU",0.902,13,38,23.648,1215.212,"","","http://gd2.mlb.com/components/game/mlb/year_2016/month_07/day_02/gid_2016_07_02_clemlb_tormlb_1/inning/inning_all.xml","top",1,"Y",3,NA,NA,NA,"gid_2016_07_02_clemlb_tormlb_1","1-2"
"18","Ball","Bola mala",27,"B","171354","2016-07-02T17:13:54Z",99.85,208.43,"27","160702_131603","1c6cc5ac-5baf-42bd-bb18-9672413ca3a5",75.1,68.5,3.38,1.56,-5.11,13.85,0.497,1.173,-1.032,50,6.446,4.717,-109.841,-7.758,-6.14,22.63,-15.479,"23.7","17.1","6.0","CH",0.897,14,50,200.191,2349.479,"","","http://gd2.mlb.com/components/game/mlb/year_2016/month_07/day_02/gid_2016_07_02_clemlb_tormlb_1/inning/inning_all.xml","top",1,"Y",3,NA,NA,NA,"gid_2016_07_02_clemlb_tormlb_1","2-2"
"19","Foul Tip","Foul atrás",28,"S","171406","2016-07-02T17:14:06Z",150.96,177.22,"28","160702_131615","fc30bf01-0464-4f80-8d66-485fb36d103f",85.6,77.9,3.38,1.56,-2.53,13.8,-0.844,2.327,-0.926,50,6.466,1.007,-125.306,-8.047,-3.959,28.759,-10.483,"23.7","16.9","3.3","FF",0.876,13,53,190.342,2552.853,"","","http://gd2.mlb.com/components/game/mlb/year_2016/month_07/day_02/gid_2016_07_02_clemlb_tormlb_1/inning/inning_all.xml","top",1,"Y",3,NA,NA,NA,"gid_2016_07_02_clemlb_tormlb_1","3-2"
"20","Called Strike","Strike cantado",32,"S","171441","2016-07-02T17:14:41Z",87.38,162.51,"32","160702_131651","8ec6eb26-65e3-424e-9a8d-c113697a773f",82.2,75.2,3.25,1.43,0.47,5.17,0.824,2.873,-0.909,50,6.611,3.955,-120.436,-3.635,0.679,26.289,-24.611,"23.8","-3.3","7.1","CH",0.785,12,76,174.872,914.71,"","","http://gd2.mlb.com/components/game/mlb/year_2016/month_07/day_02/gid_2016_07_02_clemlb_tormlb_1/inning/inning_all.xml","top",1,"Y",4,NA,NA,NA,"gid_2016_07_02_clemlb_tormlb_1","0-0"
"21","Ball","Bola mala",33,"B","171455","2016-07-02T17:14:55Z",91.84,242.29,"33","160702_131706","c947be34-8c5c-4dc1-a76d-25f0a4b40f4d",73.5,68,3.25,1.43,6.05,-5.31,0.708,-0.084,-0.975,50,6.566,1.893,-107.734,-4.936,6.948,22.836,-38.194,"23.8","-10.4","14.1","CU",0.902,14,34,49.092,1237.988,"","","http://gd2.mlb.com/components/game/mlb/year_2016/month_07/day_02/gid_2016_07_02_clemlb_tormlb_1/inning/inning_all.xml","top",1,"Y",4,NA,NA,NA,"gid_2016_07_02_clemlb_tormlb_1","0-1"
"22","Ball","Bola mala",34,"B","171513","2016-07-02T17:15:13Z",101.49,226.5,"34","160702_131723","6098bb73-ef53-491d-b895-e082c28cc19d",75.1,68.6,3.25,1.43,-9.78,12.1,0.454,0.503,-0.998,50,6.379,5.842,-109.633,-8.524,-11.698,22.508,-17.628,"23.7","28.8","7.5","CH",0.902,14,30,218.805,2470.121,"","","http://gd2.mlb.com/components/game/mlb/year_2016/month_07/day_02/gid_2016_07_02_clemlb_tormlb_1/inning/inning_all.xml","top",1,"Y",4,NA,NA,NA,"gid_2016_07_02_clemlb_tormlb_1","1-1"
"23","Called Strike","Strike cantado",35,"S","171532","2016-07-02T17:15:32Z",92.3,194.23,"35","160702_131741","d6cdaa22-2a9a-4ef0-aaee-cc7c2b916be1",85.1,77.1,3.25,1.43,-2.36,13.46,0.695,1.698,-0.938,50,6.381,4.722,-124.401,-9.059,-3.626,29.595,-11.434,"23.7","10.7","3.7","FF",0.803,9,57,189.915,2455.416,"","","http://gd2.mlb.com/components/game/mlb/year_2016/month_07/day_02/gid_2016_07_02_clemlb_tormlb_1/inning/inning_all.xml","top",1,"Y",4,NA,NA,NA,"gid_2016_07_02_clemlb_tormlb_1","2-1"
"24","Foul","Foul",36,"S","171545","2016-07-02T17:15:45Z",119.4,195.45,"36","160702_131754","0338c25b-8d87-4b4d-993b-fa16396f9e88",74.3,67.2,3.25,1.43,-6.43,14.43,-0.016,1.652,-1.187,50,6.448,4.252,-108.664,-6.572,-7.494,23.612,-15.295,"23.7","21.7","6.3","CH",0.897,8,30,203.939,2465.655,"","","http://gd2.mlb.com/components/game/mlb/year_2016/month_07/day_02/gid_2016_07_02_clemlb_tormlb_1/inning/inning_all.xml","top",1,"Y",4,NA,NA,NA,"gid_2016_07_02_clemlb_tormlb_1","2-2"
"25","Swinging Strike","Strike tirándole",37,"S","171604","2016-07-02T17:16:04Z",136.97,167.34,"37","160702_131812","5f0e8817-3c74-4784-a470-d6414d042fdc",87.5,79,3.25,1.43,-1.45,13.46,-0.477,2.694,-0.866,50,6.482,1.444,-128.043,-7.441,-2.355,31.868,-10.246,"23.7","9.4","3.1","FF",0.705,1,44,186.128,2498.824,"","","http://gd2.mlb.com/components/game/mlb/year_2016/month_07/day_02/gid_2016_07_02_clemlb_tormlb_1/inning/inning_all.xml","top",1,"Y",4,NA,NA,NA,"gid_2016_07_02_clemlb_tormlb_1","2-2"
"26","Hit By Pitch","Pelotazo",42,"B","171830","2016-07-02T17:18:30Z",1,1,"42","160702_132036","cac00c39-17bd-4089-8370-9f1d6317ae2c",93.3,85,3.23,1.5,-10.89,9.53,2.505,2.499,-1.97,50,5.802,15.731,-135.723,-6.121,-20.178,31.642,-14.441,"23.7","46.3","5.0","FT",0.501,12,30,228.689,2871.444,"","","http://gd2.mlb.com/components/game/mlb/year_2016/month_07/day_02/gid_2016_07_02_clemlb_tormlb_1/inning/inning_all.xml","bottom",1,"Y",5,NA,NA,NA,"gid_2016_07_02_clemlb_tormlb_1","0-0"
"27","Ball In Dirt","Bola por el suelo",45,"B","171906","2016-07-02T17:19:06Z",81.78,239.4,"45","160702_132116","e14b2a0f-e87d-40cf-9b02-920324166303",93.5,85.6,3.29,1.46,-11.94,9.45,0.971,0.025,-2.089,50,5.576,12.347,-135.975,-12.159,-22.23,31.39,-14.506,"23.8","48.5","5.7","FT",0.968,14,57,231.522,3029.702,"","","http://gd2.mlb.com/components/game/mlb/year_2016/month_07/day_02/gid_2016_07_02_clemlb_tormlb_1/inning/inning_all.xml","bottom",1,"Y",6,485567,NA,NA,"gid_2016_07_02_clemlb_tormlb_1","0-0"
"28","Called Strike","Strike cantado",46,"S","171936","2016-07-02T17:19:36Z",102.06,178.03,"46","160702_132143","56426b1f-450a-45e2-8ff4-95fabb62ae14",92.7,84.9,3.29,1.46,-11.64,9.48,0.439,2.298,-2.227,50,5.685,11.151,-135.381,-6.311,-21.536,30.518,-14.565,"23.8","50.1","5.5","FT",0.896,6,44,230.728,2981.125,"","","http://gd2.mlb.com/components/game/mlb/year_2016/month_07/day_02/gid_2016_07_02_clemlb_tormlb_1/inning/inning_all.xml","bottom",1,"Y",6,485567,NA,NA,"gid_2016_07_02_clemlb_tormlb_1","1-0"
"29","Ball","Bola mala",47,"B","171959","2016-07-02T17:19:59Z",107.66,208.95,"47","160702_132205","2ce2b860-296d-4e61-a893-f9498e43e6b9",86.5,80.1,3.29,1.46,-5.18,7.45,0.293,1.153,-2.231,50,5.704,7.988,-126.439,-7.374,-8.405,25.094,-19.998,"23.8","17.9","5.6","CH",0.728,14,45,214.616,1697.63,"","","http://gd2.mlb.com/components/game/mlb/year_2016/month_07/day_02/gid_2016_07_02_clemlb_tormlb_1/inning/inning_all.xml","bottom",1,"Y",6,485567,NA,NA,"gid_2016_07_02_clemlb_tormlb_1","1-1"
"30","Ball","Bola mala",48,"B","172018","2016-07-02T17:20:18Z",102.36,195.26,"48","160702_132228","9f7ed343-5cbe-4756-9be9-e39e591a7e1e",92.5,84.4,3.29,1.48,-9.9,9.88,0.431,1.661,-2.162,50,5.68,10.294,-134.982,-8.024,-18.102,31.883,-14.038,"23.7","44.7","5.0","FF",0.887,9,49,224.945,2754.075,"","","http://gd2.mlb.com/components/game/mlb/year_2016/month_07/day_02/gid_2016_07_02_clemlb_tormlb_1/inning/inning_all.xml","bottom",1,"Y",6,485567,NA,NA,"gid_2016_07_02_clemlb_tormlb_1","2-1"
"31","Called Strike","Strike cantado",49,"S","172051","2016-07-02T17:20:51Z",92.8,172.36,"49","160702_132256","8bdf5854-6262-4860-be77-df79c69b4797",92.6,84.6,3.29,1.46,-9.63,7.87,0.683,2.509,-2.094,50,5.749,10.721,-135.311,-5.319,-17.719,31.635,-17.62,"23.7","39.0","5.4","FT",0.712,6,51,230.6,2458.51,"","","http://gd2.mlb.com/components/game/mlb/year_2016/month_07/day_02/gid_2016_07_02_clemlb_tormlb_1/inning/inning_all.xml","bottom",1,"Y",6,485567,NA,NA,"gid_2016_07_02_clemlb_tormlb_1","3-1"
"32","Foul Tip","Foul atrás",50,"S","172116","2016-07-02T17:21:16Z",125.16,179.06,"50","160702_132319","d6a5ae2c-f93c-473f-954f-7f209ca0de6f",93.2,84.8,3.29,1.46,-8.85,8.21,-0.167,2.261,-2.336,50,5.579,8.875,-136.264,-5.729,-16.429,33.506,-16.856,"23.7","38.1","5.1","FF",0.829,5,29,227.003,2391.523,"","","http://gd2.mlb.com/components/game/mlb/year_2016/month_07/day_02/gid_2016_07_02_clemlb_tormlb_1/inning/inning_all.xml","bottom",1,"Y",6,485567,NA,NA,"gid_2016_07_02_clemlb_tormlb_1","3-2"
"33","Foul","Foul",56,"S","172154","2016-07-02T17:21:54Z",160.84,161.05,"56","160702_132403","d360f744-b45a-4d8c-9846-d0af3f0591b9",92,83.3,3.53,1.61,-8.95,6.58,-1.103,2.925,-2.545,50,5.655,6.862,-134.644,-3.363,-16.126,34.276,-20.237,"23.7","34.4","5.8","FT",0.988,11,63,233.489,2161.821,"","","http://gd2.mlb.com/components/game/mlb/year_2016/month_07/day_02/gid_2016_07_02_clemlb_tormlb_1/inning/inning_all.xml","bottom",1,"Y",7,NA,485567,NA,"gid_2016_07_02_clemlb_tormlb_1","0-0"
"34","Swinging Strike","Strike tirándole",57,"S","172249","2016-07-02T17:22:49Z",116.39,172.87,"57","160702_132454","fedb2455-2f25-4b9b-a71c-96d8fe95cd17",92.5,82.9,3.53,1.61,-7.55,11.65,0.063,2.489,-2.194,50,5.657,8.526,-135.192,-6.241,-13.577,37.244,-11.155,"23.6","41.2","3.9","FF",0.936,5,25,212.859,2685.249,"","","http://gd2.mlb.com/components/game/mlb/year_2016/month_07/day_02/gid_2016_07_02_clemlb_tormlb_1/inning/inning_all.xml","bottom",1,"Y",7,NA,485567,NA,"gid_2016_07_02_clemlb_tormlb_1","0-1"
"35","Foul","Foul",58,"S","172314","2016-07-02T17:23:14Z",128.02,180.24,"58","160702_132524","e1a265d8-1933-43e9-88a6-6df69ae46705",93.4,84.2,3.53,1.61,-6.28,11.13,-0.242,2.217,-2.11,50,5.607,7.164,-136.616,-6.901,-11.608,36.386,-11.53,"23.7","36.1","3.7","FF",0.935,7,34,209.348,2515.077,"","","http://gd2.mlb.com/components/game/mlb/year_2016/month_07/day_02/gid_2016_07_02_clemlb_tormlb_1/inning/inning_all.xml","bottom",1,"Y",7,NA,485567,NA,"gid_2016_07_02_clemlb_tormlb_1","0-2"
"36","Ball In Dirt","Bola por el suelo",59,"B","172347","2016-07-02T17:23:47Z",69.05,225.55,"59","160702_132556","f0e5512c-7ada-43b4-a3ee-0ffd12d7b3ef",80.9,74.8,3.53,1.61,2.05,-2.48,1.306,0.537,-2.191,50,5.804,7.512,-118.35,-4.596,2.87,25.084,-35.574,"23.8","-6.5","10.6","CU",0.9,14,10,40.167,545.422,"","","http://gd2.mlb.com/components/game/mlb/year_2016/month_07/day_02/gid_2016_07_02_clemlb_tormlb_1/inning/inning_all.xml","bottom",1,"Y",7,NA,485567,NA,"gid_2016_07_02_clemlb_tormlb_1","0-2"
"37","Ball In Dirt","Bola por el suelo",60,"B","172418","2016-07-02T17:24:18Z",41.98,240.02,"60","160702_132626","444c38f4-2658-4c30-bad7-e3b4a6d2d52d",81.7,76.3,3.53,1.61,2.97,-1.42,2.016,0.002,-2.1,50,5.667,8.786,-119.333,-6.094,4.279,23.101,-34.148,"23.9","-9.1","10.0","CU",0.898,14,10,65.235,572.904,"","","http://gd2.mlb.com/components/game/mlb/year_2016/month_07/day_02/gid_2016_07_02_clemlb_tormlb_1/inning/inning_all.xml","bottom",1,"Y",7,NA,485567,NA,"gid_2016_07_02_clemlb_tormlb_1","1-2"
"38","Ball","Bola mala",61,"B","172449","2016-07-02T17:24:49Z",70.31,166.45,"61","160702_132659","6ec020fc-e6a8-4856-b687-11ee0c550efb",95.3,86.6,3.53,1.61,-10.35,8.03,1.272,2.727,-2.141,50,5.619,12.992,-139.071,-4.871,-20.031,34.621,-16.559,"23.7","43.5","5.1","FT",0.999,12,51,232.061,2649.53,"","","http://gd2.mlb.com/components/game/mlb/year_2016/month_07/day_02/gid_2016_07_02_clemlb_tormlb_1/inning/inning_all.xml","bottom",1,"Y",7,NA,485567,NA,"gid_2016_07_02_clemlb_tormlb_1","2-2"
"39","Ball","Bola mala",62,"B","172521","2016-07-02T17:25:21Z",77.47,176.28,"62","160702_132728","47242b74-2266-49a4-9382-89f601ce38d3",95.4,85.6,3.53,1.61,-11.26,11.19,1.084,2.364,-2.229,50,5.479,12.966,-139.201,-6.5,-21.521,38.749,-10.707,"23.6","55.1","4.7","FF",0.906,14,54,225.071,3168.053,"","","http://gd2.mlb.com/components/game/mlb/year_2016/month_07/day_02/gid_2016_07_02_clemlb_tormlb_1/inning/inning_all.xml","bottom",1,"Y",7,NA,485567,NA,"gid_2016_07_02_clemlb_tormlb_1","3-2"
"40","Ball","Bola mala",66,"B","172557","2016-07-02T17:25:57Z",88.18,148.9,"66","160702_132807","1199805a-4e4e-4c1e-9015-34d0fa6b73d4",94,84.9,3.38,1.5,-8.67,11.39,0.804,3.378,-2.19,50,5.673,11.082,-137.429,-4.186,-16.267,35.701,-10.727,"23.7","48.6","3.9","FF",0.939,12,80,217.178,2841.644,"","","http://gd2.mlb.com/components/game/mlb/year_2016/month_07/day_02/gid_2016_07_02_clemlb_tormlb_1/inning/inning_all.xml","bottom",1,"Y",8,518626,485567,NA,"gid_2016_07_02_clemlb_tormlb_1","0-0"
"41","Called Strike","Strike cantado",67,"S","172622","2016-07-02T17:26:22Z",88.75,181.76,"67","160702_132831","6e3f8ef8-97ed-4707-90a8-d5ab907bb504",94.2,85.4,3.41,1.58,-11.61,9.08,0.789,2.161,-2.151,50,5.487,11.983,-137.451,-6.189,-21.871,34.709,-14.989,"23.7","48.8","5.4","FT",0.998,14,58,231.841,2935.829,"","","http://gd2.mlb.com/components/game/mlb/year_2016/month_07/day_02/gid_2016_07_02_clemlb_tormlb_1/inning/inning_all.xml","bottom",1,"Y",8,518626,485567,NA,"gid_2016_07_02_clemlb_tormlb_1","1-0"
"42","In play, run(s)","En juego, carrera(s)",68,"X","172652","2016-07-02T17:26:52Z",102.17,176.17,"68","160702_132858","a1e8cfc1-04ea-4c84-9ab1-13aae759688a",94.8,86.6,3.53,1.58,-10.73,9.65,0.436,2.368,-2.113,50,5.568,10.742,-138.454,-6.25,-20.688,32.804,-13.488,"23.7","50.6","5.0","FF",0.676,6,39,227.91,2921.137,"","","http://gd2.mlb.com/components/game/mlb/year_2016/month_07/day_02/gid_2016_07_02_clemlb_tormlb_1/inning/inning_all.xml","bottom",1,"Y",8,518626,485567,NA,"gid_2016_07_02_clemlb_tormlb_1","1-1"
"43","Ball","Bola mala",78,"B","172833","2016-07-02T17:28:33Z",34.36,189.99,"78","160702_133041","352b62fb-f1a5-4b6d-b178-6b62a5578e28",93.3,83.6,3.77,1.68,-10.63,12.04,2.215,1.856,-1.881,50,5.615,14.505,-135.822,-8.041,-19.33,37.138,-10.217,"23.6","51.2","4.4","FF",0.928,14,50,221.358,3124.696,"","","http://gd2.mlb.com/components/game/mlb/year_2016/month_07/day_02/gid_2016_07_02_clemlb_tormlb_1/inning/inning_all.xml","bottom",1,"Y",9,NA,NA,NA,"gid_2016_07_02_clemlb_tormlb_1","0-0"
"44","Ball","Bola mala",79,"B","172856","2016-07-02T17:28:56Z",94.17,226.66,"79","160702_133104","41d1835b-8894-4d1b-9c46-25d5e5989fb7",86.1,77.9,3.77,1.68,-12.71,8.61,0.646,0.497,-1.982,50,5.653,10.488,-125.5,-8.85,-19.822,30.671,-18.677,"23.7","39.9","7.1","CH",0.901,14,39,235.748,2772.189,"","","http://gd2.mlb.com/components/game/mlb/year_2016/month_07/day_02/gid_2016_07_02_clemlb_tormlb_1/inning/inning_all.xml","bottom",1,"Y",9,NA,NA,NA,"gid_2016_07_02_clemlb_tormlb_1","1-0"
"45","Ball","Bola mala",80,"B","172923","2016-07-02T17:29:23Z",96,211.21,"80","160702_133125","7fd1abd0-4744-4c4c-a9f9-e936951a555e",87.6,78.9,3.77,1.68,-13.08,6.24,0.598,1.069,-2.166,50,5.662,11.117,-127.823,-7.041,-21.063,32.938,-22.054,"23.7","37.6","7.6","CH",0.888,14,37,244.337,2652.254,"","","http://gd2.mlb.com/components/game/mlb/year_2016/month_07/day_02/gid_2016_07_02_clemlb_tormlb_1/inning/inning_all.xml","bottom",1,"Y",9,NA,NA,NA,"gid_2016_07_02_clemlb_tormlb_1","2-0"
"46","Called Strike","Strike cantado",81,"S","172932","2016-07-02T17:29:32Z",95.46,150.36,"81","160702_133142","77cfca7a-2fb2-4e4d-8d9d-1b306080ea21",91.6,83.5,3.77,1.68,-6.59,8.33,0.613,3.324,-2.214,50,5.733,9.698,-133.925,-3.1,-11.86,31.281,-17.108,"23.7","28.4","4.6","FF",0.911,3,52,218.209,2077.085,"","","http://gd2.mlb.com/components/game/mlb/year_2016/month_07/day_02/gid_2016_07_02_clemlb_tormlb_1/inning/inning_all.xml","bottom",1,"Y",9,NA,NA,NA,"gid_2016_07_02_clemlb_tormlb_1","3-0"
"47","Foul","Foul",82,"S","172951","2016-07-02T17:29:51Z",118.52,167.72,"82","160702_133159","0bc52a33-561f-4edb-9927-099b8db014e1",93.9,84.8,3.77,1.68,-10.42,7.43,0.007,2.68,-2.194,50,5.644,9.539,-137.254,-4.575,-19.477,36.048,-18.211,"23.7","41.3","5.6","FT",1,5,26,234.363,2533.108,"","","http://gd2.mlb.com/components/game/mlb/year_2016/month_07/day_02/gid_2016_07_02_clemlb_tormlb_1/inning/inning_all.xml","bottom",1,"Y",9,NA,NA,NA,"gid_2016_07_02_clemlb_tormlb_1","3-1"
"48","Ball","Bola mala",83,"B","173012","2016-07-02T17:30:12Z",90.32,197.2,"83","160702_133221","273e74f2-b3a0-40da-b5f8-6171aaf8d975",92.9,83.8,3.77,1.68,-11.15,9.54,0.747,1.589,-2.04,50,5.581,11.215,-135.561,-7.802,-20.288,35.799,-14.746,"23.7","46.1","5.4","FF",0.406,14,65,229.336,2862.353,"","","http://gd2.mlb.com/components/game/mlb/year_2016/month_07/day_02/gid_2016_07_02_clemlb_tormlb_1/inning/inning_all.xml","bottom",1,"Y",9,NA,NA,NA,"gid_2016_07_02_clemlb_tormlb_1","3-2"
"49","Called Strike","Strike cantado",87,"S","173051","2016-07-02T17:30:51Z",99.08,182.65,"87","160702_133256","014403cd-89b0-45c1-bf7c-7bf69d90d3b7",88.3,79.9,3.46,1.52,-2.89,8.45,0.517,2.128,-2.172,50,5.734,7.737,-129.179,-5.517,-4.776,32.59,-18.148,"23.7","8.5","4.9","FC",0.906,9,57,198.803,1664.049,"","","http://gd2.mlb.com/components/game/mlb/year_2016/month_07/day_02/gid_2016_07_02_clemlb_tormlb_1/inning/inning_all.xml","bottom",1,"Y",10,459431,NA,NA,"gid_2016_07_02_clemlb_tormlb_1","0-0"
"50","Foul","Foul",88,"S","173112","2016-07-02T17:31:12Z",166.9,164.69,"88","160702_133316","57bfd197-21c4-4380-b6ce-b6b338095667",90.4,81.1,3.46,1.52,-9.42,10.68,-1.262,2.791,-2.238,50,5.655,5.666,-132.431,-4.745,-16.244,35.926,-13.692,"23.6","44.6","5.0","FF",0.905,11,49,221.311,2695.581,"","","http://gd2.mlb.com/components/game/mlb/year_2016/month_07/day_02/gid_2016_07_02_clemlb_tormlb_1/inning/inning_all.xml","bottom",1,"Y",10,459431,NA,NA,"gid_2016_07_02_clemlb_tormlb_1","0-1"
"51","Called Strike","Strike cantado",89,"S","173140","2016-07-02T17:31:40Z",106.86,166.96,"89","160702_133348","a217bfca-ea0f-48f0-913a-2d938dd780b3",87.8,80.8,3.46,1.52,-1.27,5.88,0.314,2.709,-2.201,50,5.785,6.791,-128.558,-3.402,-2.114,27.416,-22.29,"23.8","1.8","5.6","FC",0.898,6,36,192.071,1140.64,"","","http://gd2.mlb.com/components/game/mlb/year_2016/month_07/day_02/gid_2016_07_02_clemlb_tormlb_1/inning/inning_all.xml","bottom",1,"Y",10,459431,NA,NA,"gid_2016_07_02_clemlb_tormlb_1","0-2"
"52","Ball","Bola mala",93,"B","173218","2016-07-02T17:32:18Z",119.97,202.63,"93","160702_133421","f5e19241-b17d-4c9b-9b49-4d9d97314e4a",79.6,73.1,3.61,1.67,2.02,-0.36,-0.03,1.387,-2.239,50,5.834,4.456,-116.678,-3.06,2.745,25.07,-32.595,"23.8","-6.1","10.0","CU",0.801,13,75,81.28,345.306,"","","http://gd2.mlb.com/components/game/mlb/year_2016/month_07/day_02/gid_2016_07_02_clemlb_tormlb_1/inning/inning_all.xml","bottom",1,"Y",11,459431,NA,NA,"gid_2016_07_02_clemlb_tormlb_1","0-0"
"53","Called Strike","Strike cantado",94,"S","173237","2016-07-02T17:32:37Z",112.96,186.64,"94","160702_133446","a992df2b-2b02-4ee1-bf24-4b302aa5157b",85.5,77.4,3.61,1.67,-0.16,7.96,0.154,1.98,-2.173,50,5.782,5.746,-125.23,-5.267,-0.253,30.979,-19.763,"23.7","-3.0","5.5","FC",0.843,8,32,181.166,1438.106,"","","http://gd2.mlb.com/components/game/mlb/year_2016/month_07/day_02/gid_2016_07_02_clemlb_tormlb_1/inning/inning_all.xml","bottom",1,"Y",11,459431,NA,NA,"gid_2016_07_02_clemlb_tormlb_1","1-0"
"54","Foul","Foul",95,"S","173300","2016-07-02T17:33:00Z",118.68,183.27,"95","160702_133509","5dd37a85-c0cd-46f5-a18d-1b7a46133fed",90.6,80.8,3.61,1.67,-10.19,7.2,0.003,2.105,-2.171,50,5.549,8.989,-132.519,-5.032,-17.453,38.068,-19.765,"23.6","35.2","6.2","CH",0.761,8,25,234.587,2344.426,"","","http://gd2.mlb.com/components/game/mlb/year_2016/month_07/day_02/gid_2016_07_02_clemlb_tormlb_1/inning/inning_all.xml","bottom",1,"Y",11,459431,NA,NA,"gid_2016_07_02_clemlb_tormlb_1","1-1"
"55","Ball","Bola mala",96,"B","173332","2016-07-02T17:33:32Z",64.82,187.02,"96","160702_133538","2ee64343-2a47-414d-abc3-d555f9037810",93.1,83.7,3.61,1.67,-8.63,9.12,1.416,1.965,-2.098,50,5.479,12.288,-135.818,-6.408,-15.722,36.665,-15.482,"23.6","36.0","4.8","FF",0.912,14,33,223.285,2449.384,"","","http://gd2.mlb.com/components/game/mlb/year_2016/month_07/day_02/gid_2016_07_02_clemlb_tormlb_1/inning/inning_all.xml","bottom",1,"Y",11,459431,NA,NA,"gid_2016_07_02_clemlb_tormlb_1","1-2"
"56","In play, out(s)","En juego, out(s)",97,"X","173358","2016-07-02T17:33:58Z",118.94,168.58,"97","160702_133606","4f84d730-a981-4a6c-a98c-0a4bab0afa97",93.7,84,3.61,1.67,-8.42,8.55,-0.004,2.649,-2.177,50,5.539,8.724,-137.13,-4.685,-15.577,38.431,-16.287,"23.6","36.8","4.9","FF",0.911,5,19,224.435,2353.909,"","","http://gd2.mlb.com/components/game/mlb/year_2016/month_07/day_02/gid_2016_07_02_clemlb_tormlb_1/inning/inning_all.xml","bottom",1,"Y",11,459431,NA,NA,"gid_2016_07_02_clemlb_tormlb_1","2-2"
"57","Ball","Bola mala",103,"B","173618","2016-07-02T17:36:18Z",146.73,210.51,"103","160702_133827","adf3667c-f336-4346-a5f7-18b6136fdf78",84.7,76.8,3.4,1.57,-4.52,16.78,-0.734,1.095,-1.177,50,6.348,2.493,-123.749,-11.372,-6.872,29.144,-6.585,"23.7","34.3","3.0","FF",0.944,13,60,195.031,3106.245,"","","http://gd2.mlb.com/components/game/mlb/year_2016/month_07/day_02/gid_2016_07_02_clemlb_tormlb_1/inning/inning_all.xml","top",2,"Y",12,NA,NA,NA,"gid_2016_07_02_clemlb_tormlb_1","0-0"
"58","Called Strike","Strike cantado",104,"S","173633","2016-07-02T17:36:33Z",127.63,184.08,"104","160702_133841","f135639e-b599-44d0-b263-5421bf390e5c",84.4,76.2,3.4,1.57,-3.63,14.59,-0.232,2.075,-0.945,50,6.404,2.854,-123.425,-8.352,-5.47,29.84,-10.112,"23.7","21.6","3.5","FF",0.899,8,35,193.923,2671.766,"","","http://gd2.mlb.com/components/game/mlb/year_2016/month_07/day_02/gid_2016_07_02_clemlb_tormlb_1/inning/inning_all.xml","top",2,"Y",12,NA,NA,NA,"gid_2016_07_02_clemlb_tormlb_1","1-0"
"59","Ball","Bola mala",105,"B","173650","2016-07-02T17:36:50Z",103.51,231.49,"105","160702_133854","4023363d-259f-4fbc-9853-35dd6e66a87a",72.9,66.7,3.4,1.57,8.85,-6.95,0.402,0.317,-1.339,50,6.765,1.241,-106.84,-3.794,9.855,24.741,-39.841,"23.7","-13.8","15.3","CU",0.9,14,22,52.117,1695.496,"","","http://gd2.mlb.com/components/game/mlb/year_2016/month_07/day_02/gid_2016_07_02_clemlb_tormlb_1/inning/inning_all.xml","top",2,"Y",12,NA,NA,NA,"gid_2016_07_02_clemlb_tormlb_1","1-1"
"60","In play, no out","En juego, no out",106,"X","173703","2016-07-02T17:37:03Z",158.17,162.78,"106","160702_133908","f032d0e6-d9f0-4bf5-bd21-028789e77f81",84.5,76.8,3.4,1.57,-4.29,13.45,-1.034,2.862,-1.035,50,6.555,1.352,-123.804,-6.581,-6.548,28.531,-11.565,"23.7","25.6","3.9","FF",0.916,11,52,197.625,2534.009,"","","http://gd2.mlb.com/components/game/mlb/year_2016/month_07/day_02/gid_2016_07_02_clemlb_tormlb_1/inning/inning_all.xml","top",2,"Y",12,NA,NA,NA,"gid_2016_07_02_clemlb_tormlb_1","2-1"
"61","Foul Bunt","Toque de foul",110,"S","173741","2016-07-02T17:37:41Z",149.13,158.73,"110","160702_133950","16dbe3bd-12b5-46ab-be0f-a24af0b2f841",84.3,75.5,3.5,1.61,-2.83,16.69,-0.797,3.012,-0.889,50,6.461,1.1,-123.493,-6.811,-4.227,31.902,-7.147,"23.6","23.9","2.7","FF",0.75,11,71,189.585,2981.785,"","","http://gd2.mlb.com/components/game/mlb/year_2016/month_07/day_02/gid_2016_07_02_clemlb_tormlb_1/inning/inning_all.xml","top",2,"Y",13,467793,NA,NA,"gid_2016_07_02_clemlb_tormlb_1","0-0"
"62","Foul","Foul",111,"S","173809","2016-07-02T17:38:09Z",108.46,174.12,"111","160702_134020","573752c1-822f-46cd-b349-bf3e48070d8b",74.5,68.2,3.5,1.61,-6.44,12.23,0.271,2.442,-0.91,50,6.56,4.321,-109.124,-4.738,-7.667,21.367,-17.531,"23.7","20.4","6.7","CH",0.897,6,28,207.635,2197.468,"","","http://gd2.mlb.com/components/game/mlb/year_2016/month_07/day_02/gid_2016_07_02_clemlb_tormlb_1/inning/inning_all.xml","top",2,"Y",13,467793,NA,NA,"gid_2016_07_02_clemlb_tormlb_1","0-1"
"63","Ball","Bola mala",112,"B","173835","2016-07-02T17:38:35Z",127.25,71.19,"112","160702_134039","c9f8fb9a-844f-4dcd-9d81-28aa54859429",84.5,76.3,3.5,1.61,-5.23,12.4,-0.222,6.253,-0.816,50,6.862,3.086,-123.948,1.241,-7.979,29.343,-13.189,"23.7","29.3","4.0","FF",0.864,11,29,202.795,2410.428,"","","http://gd2.mlb.com/components/game/mlb/year_2016/month_07/day_02/gid_2016_07_02_clemlb_tormlb_1/inning/inning_all.xml","top",2,"Y",13,467793,NA,NA,"gid_2016_07_02_clemlb_tormlb_1","0-2"
"64","Swinging Strike","Strike tirándole",113,"S","173850","2016-07-02T17:38:50Z",156.87,173.28,"113","160702_134054","3692fae1-7a08-4459-af78-4aaf76d5ca27",84.6,76,3.5,1.61,-3.37,14.23,-0.999,2.473,-0.777,50,6.434,0.515,-123.922,-7.37,-5.086,31.583,-10.627,"23.6","21.7","3.6","FF",0.9,13,50,193.279,2591.876,"","","http://gd2.mlb.com/components/game/mlb/year_2016/month_07/day_02/gid_2016_07_02_clemlb_tormlb_1/inning/inning_all.xml","top",2,"Y",13,467793,NA,NA,"gid_2016_07_02_clemlb_tormlb_1","1-2"
"65","Ball","Bola mala",117,"B","173916","2016-07-02T17:39:16Z",51.86,179.14,"117","160702_134126","7005ca5b-07fe-4b2b-9d77-1f088d5c1f06",82.5,74.4,3.56,1.7,2.2,6.79,1.757,2.256,-0.721,50,6.558,5.16,-120.746,-5.368,3.149,30.206,-22.375,"23.7","-10.4","6.9","CH",0.569,14,45,162.186,1236.666,"","","http://gd2.mlb.com/components/game/mlb/year_2016/month_07/day_02/gid_2016_07_02_clemlb_tormlb_1/inning/inning_all.xml","top",2,"Y",14,467793,NA,NA,"gid_2016_07_02_clemlb_tormlb_1","0-0"
"66","Foul","Foul",118,"S","173939","2016-07-02T17:39:39Z",127.33,161.02,"118","160702_134142","60c1617d-8ce6-4616-93fd-c1ebae6275c4",75.1,67.7,3.56,1.7,-9.25,11.91,-0.225,2.926,-1.001,50,6.583,4.233,-109.992,-3.674,-11.017,24.555,-17.913,"23.7","28.4","7.3","CH",0.905,5,29,217.686,2376.928,"","","http://gd2.mlb.com/components/game/mlb/year_2016/month_07/day_02/gid_2016_07_02_clemlb_tormlb_1/inning/inning_all.xml","top",2,"Y",14,467793,NA,NA,"gid_2016_07_02_clemlb_tormlb_1","1-0"
"67","In play, out(s)","En juego, out(s)",119,"X","174004","2016-07-02T17:40:04Z",128.97,155.97,"119","160702_134206","49fec79d-896f-4efe-aa61-76b895b6dcce",72.8,66.5,3.56,1.7,1.66,-9.25,-0.267,3.113,-0.976,50,6.913,1.032,-106.704,2.274,1.86,22.686,-42.495,"23.7","-2.8","15.3","CU",0.903,1,28,10.214,1425.882,"","","http://gd2.mlb.com/components/game/mlb/year_2016/month_07/day_02/gid_2016_07_02_clemlb_tormlb_1/inning/inning_all.xml","top",2,"Y",14,467793,NA,NA,"gid_2016_07_02_clemlb_tormlb_1","1-1"
"68","Ball","Bola mala",127,"B","174243","2016-07-02T17:42:43Z",92.6,150.76,"127","160702_134453","deffbc67-c7bf-4de8-bfef-42adcc4e8ea9",90.1,80.5,3.44,1.55,-12.32,11.15,0.687,3.309,-1.846,50,6.271,10.581,-131.692,-5.041,-20.956,36.237,-13.135,"23.6","51.3","5.6","FT",0.9,3,66,227.743,3119.118,"","","http://gd2.mlb.com/components/game/mlb/year_2016/month_07/day_02/gid_2016_07_02_clemlb_tormlb_1/inning/inning_all.xml","bottom",2,"Y",15,NA,NA,NA,"gid_2016_07_02_clemlb_tormlb_1","0-0"
"69","Ball","Bola mala",128,"B","174254","2016-07-02T17:42:54Z",81.47,169.66,"128","160702_134503","89ef9fa4-057b-49e5-bb70-a376a5b4a1ad",90.6,81.6,3.49,1.55,-10.32,8.98,0.979,2.608,-1.747,50,6.084,10.507,-132.345,-5.798,-17.874,34.396,-16.54,"23.7","40.2","5.6","FT",0.899,12,58,228.824,2603.133,"","","http://gd2.mlb.com/components/game/mlb/year_2016/month_07/day_02/gid_2016_07_02_clemlb_tormlb_1/inning/inning_all.xml","bottom",2,"Y",15,NA,NA,NA,"gid_2016_07_02_clemlb_tormlb_1","1-0"
"70","Called Strike","Strike cantado",129,"S","174309","2016-07-02T17:43:09Z",119.25,150.33,"129","160702_134516","1aa3c1a6-dca4-417a-835a-b00820043582",90.3,81.6,3.44,1.55,-11.04,6.56,-0.012,3.323,-1.766,50,6.417,8.226,-132.052,-3.98,-19.088,33.583,-20.757,"23.7","38.1","6.5","FT",0.897,2,42,239.115,2443.588,"","","http://gd2.mlb.com/components/game/mlb/year_2016/month_07/day_02/gid_2016_07_02_clemlb_tormlb_1/inning/inning_all.xml","bottom",2,"Y",15,NA,NA,NA,"gid_2016_07_02_clemlb_tormlb_1","2-0"
"71","Ball","Bola mala",130,"B","174320","2016-07-02T17:43:20Z",77.09,223.47,"130","160702_134528","0eb310bb-1da3-4b4f-9f73-9251bbfbedeb",82.2,74.3,3.44,1.55,0.3,2.22,1.094,0.614,-1.811,50,6.12,6.701,-120.14,-6.681,0.427,30.582,-28.964,"23.7","-3.6","8.9","CU",0.897,14,36,172.425,391.047,"","","http://gd2.mlb.com/components/game/mlb/year_2016/month_07/day_02/gid_2016_07_02_clemlb_tormlb_1/inning/inning_all.xml","bottom",2,"Y",15,NA,NA,NA,"gid_2016_07_02_clemlb_tormlb_1","2-1"
"72","Ball","Bola mala",131,"B","174336","2016-07-02T17:43:36Z",117.27,223.07,"131","160702_134546","93bec29e-1a52-44b1-9006-d14382997986",91.2,81.9,3.44,1.55,-16.48,6.54,0.039,0.629,-1.778,50,6.065,10.223,-133.014,-10.072,-28.577,37.114,-20.768,"23.6","47.8","8.2","FT",0.892,14,22,248.241,3355.99,"","","http://gd2.mlb.com/components/game/mlb/year_2016/month_07/day_02/gid_2016_07_02_clemlb_tormlb_1/inning/inning_all.xml","bottom",2,"Y",15,NA,NA,NA,"gid_2016_07_02_clemlb_tormlb_1","3-1"
"73","Ball","Bola mala",136,"B","174446","2016-07-02T17:44:46Z",157.02,128.49,"136","160702_134653","a73bdcd2-92ea-4401-923e-92c7f00bc5a5",89,81.5,3.39,1.48,-7.92,9.01,-1.003,4.13,-1.877,50,6.455,4.887,-130.48,-2.729,-13.575,28.979,-16.667,"23.8","35.9","5.1","FT",0.92,11,57,221.198,2291.521,"","","http://gd2.mlb.com/components/game/mlb/year_2016/month_07/day_02/gid_2016_07_02_clemlb_tormlb_1/inning/inning_all.xml","bottom",2,"Y",16,607680,NA,NA,"gid_2016_07_02_clemlb_tormlb_1","0-0"
"74","Foul","Foul",137,"S","174506","2016-07-02T17:45:06Z",130.26,177.46,"137","160702_134714","cf8d7679-1542-4198-99a3-c6708d7ad4ed",89.2,80.6,3.36,1.48,-12.63,6.26,-0.302,2.319,-1.734,50,6.294,7.821,-130.525,-5.913,-21.257,33.663,-21.564,"23.7","40.0","7.3","FT",0.839,4,39,243.474,2640.672,"","","http://gd2.mlb.com/components/game/mlb/year_2016/month_07/day_02/gid_2016_07_02_clemlb_tormlb_1/inning/inning_all.xml","bottom",2,"Y",16,607680,NA,NA,"gid_2016_07_02_clemlb_tormlb_1","1-0"
"75","Ball","Bola mala",138,"B","174533","2016-07-02T17:45:33Z",120.05,193.1,"138","160702_134741","b870c6e2-b6ce-4f6d-9498-5cb3a8c3d558",89.9,81.2,3.12,1.28,-9.91,10.63,-0.033,1.74,-1.62,50,6.214,7.373,-131.387,-8.78,-16.931,33.802,-13.941,"23.7","43.1","5.3","FT",0.921,8,37,222.879,2747.455,"","","http://gd2.mlb.com/components/game/mlb/year_2016/month_07/day_02/gid_2016_07_02_clemlb_tormlb_1/inning/inning_all.xml","bottom",2,"Y",16,607680,NA,NA,"gid_2016_07_02_clemlb_tormlb_1","1-1"
"76","Foul","Foul",139,"S","174557","2016-07-02T17:45:57Z",141.05,170.42,"139","160702_134806","210398e3-46dc-4ce1-8ff6-8573df0f0b7c",89.7,81.5,3.39,1.48,-9.82,7.81,-0.584,2.58,-1.702,50,6.343,6.15,-131.34,-6.053,-16.849,32.405,-18.697,"23.7","37.4","6.0","FT",0.901,4,50,231.344,2383.272,"","","http://gd2.mlb.com/components/game/mlb/year_2016/month_07/day_02/gid_2016_07_02_clemlb_tormlb_1/inning/inning_all.xml","bottom",2,"Y",16,607680,NA,NA,"gid_2016_07_02_clemlb_tormlb_1","2-1"
"77","Swinging Strike","Strike tirándole",140,"S","174625","2016-07-02T17:46:25Z",77.47,205.38,"140","160702_134832","c9413e37-979c-4eb8-abac-d1c0aac88d5c",83,76.1,3.39,1.48,-2.44,1.89,1.084,1.285,-1.565,50,6.208,7.062,-121.391,-5.568,-3.584,27.079,-29.322,"23.8","4.1","8.5","CU",0.878,14,56,231.488,547.404,"","","http://gd2.mlb.com/components/game/mlb/year_2016/month_07/day_02/gid_2016_07_02_clemlb_tormlb_1/inning/inning_all.xml","bottom",2,"Y",16,607680,NA,NA,"gid_2016_07_02_clemlb_tormlb_1","2-2"
"78","Called Strike","Strike cantado",144,"S","174704","2016-07-02T17:47:04Z",134.5,156.73,"144","160702_134913","80c8773e-7246-4834-9c8c-c11c01811767",89.6,82.1,3.23,1.5,-10.41,6.11,-0.412,3.086,-1.841,50,6.228,7.175,-131.088,-3.938,-18.002,29.358,-21.535,"23.8","36.3","6.5","FT",0.896,1,56,239.417,2314.245,"","","http://gd2.mlb.com/components/game/mlb/year_2016/month_07/day_02/gid_2016_07_02_clemlb_tormlb_1/inning/inning_all.xml","bottom",2,"Y",17,607680,NA,NA,"gid_2016_07_02_clemlb_tormlb_1","0-0"
"79","In play, out(s)","En juego, out(s)",145,"X","174729","2016-07-02T17:47:29Z",153.71,183.57,"145","160702_134935","09de9994-b478-44d5-b880-0119a05978c1",88.7,80.7,3.23,1.5,-10.6,7.38,-0.916,2.093,-2.014,50,6.12,6.293,-129.832,-6.384,-17.81,31.226,-19.703,"23.7","37.7","6.5","FT",0.855,13,62,234.999,2429.536,"","","http://gd2.mlb.com/components/game/mlb/year_2016/month_07/day_02/gid_2016_07_02_clemlb_tormlb_1/inning/inning_all.xml","bottom",2,"Y",17,607680,NA,NA,"gid_2016_07_02_clemlb_tormlb_1","0-1"
"80","Swinging Strike","Strike tirándole",149,"S","174811","2016-07-02T17:48:11Z",101.14,204.71,"149","160702_135020","e6354cfb-2924-492a-bcf9-a8962fdddb20",82.4,75.9,3.29,1.46,-1.49,1.27,0.463,1.31,-1.79,50,6.117,5.804,-120.679,-5.029,-2.182,25.771,-30.242,"23.8","2.0","8.7","CU",0.889,14,91,228.477,350.365,"","","http://gd2.mlb.com/components/game/mlb/year_2016/month_07/day_02/gid_2016_07_02_clemlb_tormlb_1/inning/inning_all.xml","bottom",2,"Y",18,607680,NA,NA,"gid_2016_07_02_clemlb_tormlb_1","0-0"
"81","Swinging Strike","Strike tirándole",150,"S","174835","2016-07-02T17:48:35Z",81.21,203.65,"150","160702_135042","b3b79729-4b71-42cb-97ae-845024e24c0a",83.2,77.2,3.29,1.46,0.29,-0.58,0.987,1.349,-1.678,50,6.079,6.306,-121.732,-4.487,0.439,24.525,-32.974,"23.8","-2.6","9.2","CU",0.897,14,56,28.754,108.754,"","","http://gd2.mlb.com/components/game/mlb/year_2016/month_07/day_02/gid_2016_07_02_clemlb_tormlb_1/inning/inning_all.xml","bottom",2,"Y",18,607680,NA,NA,"gid_2016_07_02_clemlb_tormlb_1","0-1"
"82","Ball","Bola mala",151,"B","174859","2016-07-02T17:48:59Z",72.63,191.99,"151","160702_135107","219ea9ea-1a9d-42d6-97ee-b4bb1993f4b8",83.4,75,3.29,1.46,-1.48,0.97,1.212,1.779,-1.551,50,6.195,7.012,-122.115,-4.021,-2.157,32.181,-30.686,"23.6",".9","8.9","CU",0.886,14,47,235.4,311.322,"","","http://gd2.mlb.com/components/game/mlb/year_2016/month_07/day_02/gid_2016_07_02_clemlb_tormlb_1/inning/inning_all.xml","bottom",2,"Y",18,607680,NA,NA,"gid_2016_07_02_clemlb_tormlb_1","0-2"
"83","In play, out(s)","En juego, out(s)",152,"X","174924","2016-07-02T17:49:24Z",182.03,186.18,"152","160702_135128","c85322c9-2733-4ee8-85a0-85c2343b2c1d",90.1,80.9,3.29,1.46,-9.45,10.75,-1.659,1.996,-1.715,50,6.169,3.283,-131.833,-8.053,-16.143,35.773,-13.75,"23.6","43.9","5.3","FT",0.94,13,27,221.224,2695.68,"","","http://gd2.mlb.com/components/game/mlb/year_2016/month_07/day_02/gid_2016_07_02_clemlb_tormlb_1/inning/inning_all.xml","bottom",2,"Y",18,607680,NA,NA,"gid_2016_07_02_clemlb_tormlb_1","1-2"
"84","Ball","Bola mala",158,"B","175143","2016-07-02T17:51:43Z",138.35,197.85,"158","160702_135348","a68d0542-043d-4547-b5e2-bd91c971018b",71.1,63.8,3.42,1.61,-7.1,13.56,-0.513,1.563,-1.193,50,6.491,3.23,-104.114,-5.576,-7.505,23.586,-17.776,"23.6","19.7","7.8","CH",0.897,13,74,207.53,2262.499,"","","http://gd2.mlb.com/components/game/mlb/year_2016/month_07/day_02/gid_2016_07_02_clemlb_tormlb_1/inning/inning_all.xml","top",3,"Y",19,NA,NA,NA,"gid_2016_07_02_clemlb_tormlb_1","0-0"
"85","Ball","Bola mala",159,"B","175153","2016-07-02T17:51:53Z",170.9,187.35,"159","160702_135401","494b8da8-f1ec-4a9b-9e01-9d85a65d861b",84.1,74.9,3.42,1.61,-3.18,14.75,-1.367,1.953,-1.246,50,6.356,0.69,-123.097,-8.361,-4.69,33.286,-10.343,"23.6","19.7","3.7","CH",0.75,13,27,192.123,2631.637,"","","http://gd2.mlb.com/components/game/mlb/year_2016/month_07/day_02/gid_2016_07_02_clemlb_tormlb_1/inning/inning_all.xml","top",3,"Y",19,NA,NA,NA,"gid_2016_07_02_clemlb_tormlb_1","1-0"
"86","Foul","Foul",160,"S","175206","2016-07-02T17:52:06Z",139.07,177.17,"160","160702_135415","e925aaaf-b95f-45bd-ba98-54bd8f519fd0",84.4,74.8,3.42,1.61,-1.83,16.46,-0.532,2.329,-0.929,50,6.442,1.515,-123.556,-8.228,-2.709,34.595,-7.763,"23.6","12.9","2.9","FC",0.902,4,42,186.331,2883.911,"","","http://gd2.mlb.com/components/game/mlb/year_2016/month_07/day_02/gid_2016_07_02_clemlb_tormlb_1/inning/inning_all.xml","top",3,"Y",19,NA,NA,NA,"gid_2016_07_02_clemlb_tormlb_1","2-0"
"87","In play, no out","En juego, no out",161,"X","175229","2016-07-02T17:52:29Z",158.13,209.11,"161","160702_135436","19d77c66-d3ad-47b4-a892-72a9393a5185",73.6,66.6,3.42,1.61,-10.8,11.61,-1.033,1.146,-1.147,50,6.419,3.169,-107.659,-6.576,-12.304,23.751,-18.875,"23.7","29.9","8.4","CH",0.906,13,44,222.773,2441.493,"","","http://gd2.mlb.com/components/game/mlb/year_2016/month_07/day_02/gid_2016_07_02_clemlb_tormlb_1/inning/inning_all.xml","top",3,"Y",19,NA,NA,NA,"gid_2016_07_02_clemlb_tormlb_1","2-1"
"88","Ball","Bola mala",165,"B","175306","2016-07-02T17:53:06Z",123.4,201.93,"165","160702_135514","f9d1fb39-2dab-4826-8b44-0ac467e5ad45",86.3,77.3,3.37,1.49,-6.34,14.98,-0.122,1.413,-0.663,50,6.367,3.343,-126.154,-10.393,-9.894,33.348,-8.74,"23.6","38.3","3.8","FF",0.909,13,58,202.888,2925.284,"","","http://gd2.mlb.com/components/game/mlb/year_2016/month_07/day_02/gid_2016_07_02_clemlb_tormlb_1/inning/inning_all.xml","top",3,"Y",20,571980,NA,NA,"gid_2016_07_02_clemlb_tormlb_1","0-0"
"89","Foul (Runner Going)","Foul (Corredor en movimiento)",166,"S","175329","2016-07-02T17:53:29Z",72.02,199.77,"166","160702_135538","6e8163fd-d8ba-4c99-af3e-424e1afb853f",83.6,75.7,3.37,1.49,3.96,8.34,1.227,1.493,-0.636,50,6.454,3.225,-122.263,-7.701,5.848,29.8,-19.796,"23.7","-16.9","6.2","CH",0.75,14,61,154.713,1624.457,"","","http://gd2.mlb.com/components/game/mlb/year_2016/month_07/day_02/gid_2016_07_02_clemlb_tormlb_1/inning/inning_all.xml","top",3,"Y",20,571980,NA,NA,"gid_2016_07_02_clemlb_tormlb_1","1-0"
"90","Foul","Foul",167,"S","175402","2016-07-02T17:54:02Z",120.01,164.53,"167","160702_135612","f1879c9e-b34a-4286-9488-10f037c98743",84.5,77.1,3.37,1.49,1.52,8.45,-0.032,2.799,-0.734,50,6.598,1.228,-123.881,-5.297,2.325,28.08,-19.159,"23.7","-7.2","5.4","FC",0.663,2,28,169.873,1548.328,"","","http://gd2.mlb.com/components/game/mlb/year_2016/month_07/day_02/gid_2016_07_02_clemlb_tormlb_1/inning/inning_all.xml","top",3,"Y",20,571980,NA,NA,"gid_2016_07_02_clemlb_tormlb_1","1-1"
"91","Ball","Bola mala",168,"B","175433","2016-07-02T17:54:33Z",91.99,203.17,"168","160702_135641","e47bdac8-b076-4bb9-be4e-22c73874c7c4",75.2,69.4,3.37,1.49,-5.48,10.51,0.703,1.367,-0.698,50,6.409,4.577,-110.022,-6.485,-6.685,20.336,-19.276,"23.8","16.1","7.1","CH",0.896,14,58,207.396,1915.636,"","","http://gd2.mlb.com/components/game/mlb/year_2016/month_07/day_02/gid_2016_07_02_clemlb_tormlb_1/inning/inning_all.xml","top",3,"Y",20,571980,NA,NA,"gid_2016_07_02_clemlb_tormlb_1","1-2"
"92","Swinging Strike","Strike tirándole",169,"S","175454","2016-07-02T17:54:54Z",118.26,157.27,"169","160702_135659","c1ebb61e-4698-42f4-a9b5-91786e19257d",87.7,79.7,3.37,1.49,-3.82,14.7,0.013,3.067,-0.684,50,6.429,3.004,-128.457,-6.904,-6.284,30.389,-7.91,"23.7","30.4","2.7","FF",0.902,2,33,194.518,2830.766,"","","http://gd2.mlb.com/components/game/mlb/year_2016/month_07/day_02/gid_2016_07_02_clemlb_tormlb_1/inning/inning_all.xml","top",3,"Y",20,571980,NA,NA,"gid_2016_07_02_clemlb_tormlb_1","2-2"
"93","Ball","Bola mala",173,"B","175525","2016-07-02T17:55:25Z",98.17,140.26,"173","160702_135731","944c71a2-09ed-4f1c-9717-1f232b719c34",86.4,77.5,3.47,1.5,-0.62,16.71,0.541,3.696,-0.492,50,6.507,2.746,-126.504,-5.761,-0.969,32.634,-5.794,"23.6","2.1","1.9","FC",0.909,12,71,182.102,3027.37,"","","http://gd2.mlb.com/components/game/mlb/year_2016/month_07/day_02/gid_2016_07_02_clemlb_tormlb_1/inning/inning_all.xml","top",3,"Y",21,571980,NA,NA,"gid_2016_07_02_clemlb_tormlb_1","0-0"
"94","Called Strike","Strike cantado",174,"S","175537","2016-07-02T17:55:37Z",101.22,184.83,"174","160702_135745","6636bb73-a8e2-44e3-89ad-f31502d9a235",84,76.4,3.47,1.5,-0.78,9.58,0.461,2.046,-0.698,50,6.489,3.037,-122.984,-7.035,-1.173,28.507,-17.693,"23.7","1.5","5.2","CH",0.75,9,38,184.629,1713.848,"","","http://gd2.mlb.com/components/game/mlb/year_2016/month_07/day_02/gid_2016_07_02_clemlb_tormlb_1/inning/inning_all.xml","top",3,"Y",21,571980,NA,NA,"gid_2016_07_02_clemlb_tormlb_1","1-0"
"95","Swinging Strike","Strike tirándole",175,"S","175549","2016-07-02T17:55:49Z",91.84,193.04,"175","160702_135759","5341adbf-03e7-4884-bd25-2ffac20771bc",75.1,69.3,3.47,1.5,-8.93,11.41,0.707,1.743,-0.643,50,6.474,5.432,-109.886,-6.048,-10.874,20.164,-18.2,"23.8","27.3","7.2","CH",0.906,9,53,217.887,2337.707,"","","http://gd2.mlb.com/components/game/mlb/year_2016/month_07/day_02/gid_2016_07_02_clemlb_tormlb_1/inning/inning_all.xml","top",3,"Y",21,571980,NA,NA,"gid_2016_07_02_clemlb_tormlb_1","1-1"
"96","Foul","Foul",176,"S","175605","2016-07-02T17:56:05Z",120.62,161.72,"176","160702_135814","36488745-48f7-4f21-aab0-469ddfd3e96f",75.2,67.9,3.47,1.5,5.66,-8.89,-0.048,2.899,-0.853,50,6.804,0.159,-110.287,1.587,6.7,26.693,-42.621,"23.7","-9.0","14.8","CU",0.901,2,19,32.672,1632.602,"","","http://gd2.mlb.com/components/game/mlb/year_2016/month_07/day_02/gid_2016_07_02_clemlb_tormlb_1/inning/inning_all.xml","top",3,"Y",21,571980,NA,NA,"gid_2016_07_02_clemlb_tormlb_1","1-2"
"97","Ball","Bola mala",177,"B","175631","2016-07-02T17:56:31Z",91.88,212.54,"177","160702_135840","855448c4-0559-4c69-82aa-0b2854064813",76.2,69.4,3.47,1.5,-9.24,12.06,0.706,1.021,-0.715,50,6.311,5.709,-111.32,-7.587,-11.385,23.35,-17.242,"23.7","28.7","7.1","CH",0.898,14,39,217.323,2447.145,"","","http://gd2.mlb.com/components/game/mlb/year_2016/month_07/day_02/gid_2016_07_02_clemlb_tormlb_1/inning/inning_all.xml","top",3,"Y",21,571980,NA,NA,"gid_2016_07_02_clemlb_tormlb_1","1-2"
"98","Ball","Bola mala",178,"B","175652","2016-07-02T17:56:52Z",81.02,136.91,"178","160702_135857","30d52c63-46b5-4644-a3e7-b3230c0fa307",77.2,68.8,3.47,1.5,-1.97,12.93,0.991,3.822,-0.633,50,6.612,4.13,-113.189,-2.502,-2.459,28.033,-15.967,"23.6","5.1","5.5","CH",0.896,12,64,188.626,2101.081,"","","http://gd2.mlb.com/components/game/mlb/year_2016/month_07/day_02/gid_2016_07_02_clemlb_tormlb_1/inning/inning_all.xml","top",3,"Y",21,571980,NA,NA,"gid_2016_07_02_clemlb_tormlb_1","2-2"
"99","Foul (Runner Going)","Foul (Corredor en movimiento)",179,"S","175714","2016-07-02T17:57:14Z",103.81,177.57,"179","160702_135919","9556276a-ef28-48db-aaa2-9ebbc1f95e8d",75.6,68.7,3.47,1.5,-5.8,12.52,0.393,2.315,-0.854,50,6.407,4.331,-110.661,-4.976,-7.059,23.29,-16.869,"23.7","19.1","6.3","CH",0.897,6,33,204.759,2209.644,"","","http://gd2.mlb.com/components/game/mlb/year_2016/month_07/day_02/gid_2016_07_02_clemlb_tormlb_1/inning/inning_all.xml","top",3,"Y",21,571980,NA,NA,"gid_2016_07_02_clemlb_tormlb_1","3-2"
"100","In play, run(s)","En juego, carrera(s)",180,"X","175749","2016-07-02T17:57:49Z",98.55,154.86,"180","160702_135948","a6da9f90-8ad0-459f-b47f-1a4c7644c13b",87.8,79.4,3.47,1.5,-3.29,14.81,0.531,3.156,-0.477,50,6.459,3.61,-128.558,-6.769,-5.408,31.447,-7.789,"23.7","25.7","2.6","FF",0.9,3,51,192.503,2818.719,"","","http://gd2.mlb.com/components/game/mlb/year_2016/month_07/day_02/gid_2016_07_02_clemlb_tormlb_1/inning/inning_all.xml","top",3,"Y",21,571980,NA,NA,"gid_2016_07_02_clemlb_tormlb_1","3-2"
"101","Foul","Foul",186,"S","175842","2016-07-02T17:58:42Z",173.34,176.95,"186","160702_140049","5d9fd34d-3fe0-4eb2-8710-f8f28770b65a",76,68.9,3.26,1.48,-9.12,11.91,-1.432,2.337,-0.94,50,6.534,1.496,-111.33,-5.111,-11.169,24.411,-17.504,"23.7","30.3","7.2","CH",0.903,13,39,217.283,2402.708,"","","http://gd2.mlb.com/components/game/mlb/year_2016/month_07/day_02/gid_2016_07_02_clemlb_tormlb_1/inning/inning_all.xml","top",3,"Y",22,NA,NA,434658,"gid_2016_07_02_clemlb_tormlb_1","0-0"
"102","Ball","Bola mala",187,"B","175907","2016-07-02T17:59:07Z",115.93,118.12,"187","160702_140114","6fa12ac4-40c5-4476-95b0-6a3eba36f50a",86.1,77,3.26,1.48,-2.15,13.89,0.075,4.516,-0.638,50,6.575,2.437,-126.207,-2.948,-3.356,33.205,-10.396,"23.6","13.7","3.0","FF",0.68,12,24,188.759,2532.988,"","","http://gd2.mlb.com/components/game/mlb/year_2016/month_07/day_02/gid_2016_07_02_clemlb_tormlb_1/inning/inning_all.xml","top",3,"Y",22,NA,NA,434658,"gid_2016_07_02_clemlb_tormlb_1","0-1"
"103","Foul","Foul",188,"S","175929","2016-07-02T17:59:29Z",121.96,168.88,"188","160702_140129","3e0982bd-5581-4b4a-a889-a5bc89488d9e",85.8,77.4,3.26,1.48,2.62,6.95,-0.083,2.636,-0.63,50,6.486,0.514,-125.753,-5.104,4.074,32.233,-21.288,"23.7","-10.5","6.0","FC",0.907,5,29,159.484,1340.959,"","","http://gd2.mlb.com/components/game/mlb/year_2016/month_07/day_02/gid_2016_07_02_clemlb_tormlb_1/inning/inning_all.xml","top",3,"Y",22,NA,NA,434658,"gid_2016_07_02_clemlb_tormlb_1","1-1"
"104","Swinging Strike","Strike tirándole",189,"S","175949","2016-07-02T17:59:49Z",110.25,130.51,"189","160702_140149","e77d4307-e764-4cdd-baeb-ea1dbd73a946",87.6,79.4,3.26,1.48,-1.9,13.39,0.224,4.058,-0.58,50,6.54,2.641,-128.359,-4.231,-3.114,30.835,-10.142,"23.7","12.6","2.8","FF",0.87,12,24,188.043,2514.925,"","","http://gd2.mlb.com/components/game/mlb/year_2016/month_07/day_02/gid_2016_07_02_clemlb_tormlb_1/inning/inning_all.xml","top",3,"Y",22,NA,NA,434658,"gid_2016_07_02_clemlb_tormlb_1","1-2"
"105","Ball","Bola mala",193,"B","180010","2016-07-02T18:00:10Z",78.46,189.34,"193","160702_140219","205eb53b-1871-4c2a-ac7a-cc1f567faffb",85.5,77.7,3.38,1.56,1.47,9.24,1.058,1.88,-0.551,50,6.427,3.476,-125.106,-7.514,2.277,29.965,-17.751,"23.7","-8.9","5.2","FC",0.904,14,72,171.03,1693.267,"","","http://gd2.mlb.com/components/game/mlb/year_2016/month_07/day_02/gid_2016_07_02_clemlb_tormlb_1/inning/inning_all.xml","top",3,"Y",23,NA,NA,434658,"gid_2016_07_02_clemlb_tormlb_1","0-0"
"106","Ball","Bola mala",194,"B","180028","2016-07-02T18:00:28Z",132.78,209.49,"194","160702_140234","bcb4d404-be00-4324-8546-4711e0f17100",87.3,80,3.38,1.56,-3.96,13.85,-0.368,1.134,-0.796,50,6.185,2.366,-127.559,-10.803,-6.476,27.927,-9.441,"23.8","26.9","3.3","FF",0.915,13,29,195.899,2688.384,"","","http://gd2.mlb.com/components/game/mlb/year_2016/month_07/day_02/gid_2016_07_02_clemlb_tormlb_1/inning/inning_all.xml","top",3,"Y",23,NA,NA,434658,"gid_2016_07_02_clemlb_tormlb_1","1-0"
"107","Ball","Bola mala",195,"B","180042","2016-07-02T18:00:42Z",140.79,212.78,"195","160702_140251","04b02618-d25d-4e7c-9140-5124f7a56fd9",76.3,69.2,3.38,1.56,-9.5,11,-0.578,1.011,-0.931,50,6.253,3.45,-111.582,-7.169,-11.683,24.694,-18.573,"23.7","28.6","7.6","CH",0.899,13,36,220.661,2331.229,"","","http://gd2.mlb.com/components/game/mlb/year_2016/month_07/day_02/gid_2016_07_02_clemlb_tormlb_1/inning/inning_all.xml","top",3,"Y",23,NA,NA,434658,"gid_2016_07_02_clemlb_tormlb_1","2-0"
"108","Called Strike","Strike cantado",196,"S","180055","2016-07-02T18:00:55Z",150.16,175.06,"196","160702_140305","3d6e9ebd-579b-44ff-bc81-9a9f27748eaf",86.3,77.5,3.38,1.56,-2.12,15.41,-0.824,2.408,-0.814,50,6.338,0.653,-126.381,-8.075,-3.331,32.895,-7.922,"23.6","17.6","2.7","FF",0.643,13,50,187.819,2810.129,"","","http://gd2.mlb.com/components/game/mlb/year_2016/month_07/day_02/gid_2016_07_02_clemlb_tormlb_1/inning/inning_all.xml","top",3,"Y",23,NA,NA,434658,"gid_2016_07_02_clemlb_tormlb_1","3-0"
"109","Foul","Foul",197,"S","180110","2016-07-02T18:01:10Z",146.16,168.77,"197","160702_140320","c22b2fbf-5627-4d94-9de6-9bd39ba10888",86.1,77.5,3.38,1.56,-0.4,15.76,-0.718,2.639,-0.775,50,6.359,0.266,-125.995,-7.652,-0.62,31.583,-7.407,"23.7","3.4","2.4","FC",0.913,11,50,181.432,2852.715,"","","http://gd2.mlb.com/components/game/mlb/year_2016/month_07/day_02/gid_2016_07_02_clemlb_tormlb_1/inning/inning_all.xml","top",3,"Y",23,NA,NA,434658,"gid_2016_07_02_clemlb_tormlb_1","3-1"
"110","In play, out(s)","En juego, out(s)",198,"X","180136","2016-07-02T18:01:36Z",107.36,166.93,"198","160702_140343","b63cdda7-c7a6-435b-9fca-dc5147c01f23",88,79.2,3.38,1.56,-1.29,13.3,0.3,2.709,-0.497,50,6.389,2.424,-128.908,-7.211,-2.106,33.526,-10.32,"23.6","7.0","3.1","FF",0.738,6,31,185.503,2470.931,"","","http://gd2.mlb.com/components/game/mlb/year_2016/month_07/day_02/gid_2016_07_02_clemlb_tormlb_1/inning/inning_all.xml","top",3,"Y",23,NA,NA,434658,"gid_2016_07_02_clemlb_tormlb_1","3-2"
"111","Ball","Bola mala",206,"B","180419","2016-07-02T18:04:19Z",79.03,145.55,"206","160702_140626","9ae07ec6-8260-4f0d-a211-3d8970420573",88.8,80.3,3.53,1.61,6.04,12.42,1.042,3.502,2.112,50,6.051,-4.717,-130.1,-4.297,10.152,32.098,-11.216,"23.7","-36.3","3.7","FF",2,12,81,154.156,2596.839,"","","http://gd2.mlb.com/components/game/mlb/year_2016/month_07/day_02/gid_2016_07_02_clemlb_tormlb_1/inning/inning_all.xml","bottom",3,"Y",24,NA,NA,NA,"gid_2016_07_02_clemlb_tormlb_1","0-0"
"112","Ball","Bola mala",207,"B","180430","2016-07-02T18:04:30Z",161.03,184.32,"207","160702_140639","450ddfa5-163c-4d66-abb2-5bbd75ee89af",87.8,79.1,3.53,1.61,5.87,13.63,-1.109,2.065,1.746,50,5.893,-9.058,-128.158,-7.612,9.539,32.089,-9.939,"23.7","-31.8","3.5","FF",2,13,57,156.782,2738.913,"","","http://gd2.mlb.com/components/game/mlb/year_2016/month_07/day_02/gid_2016_07_02_clemlb_tormlb_1/inning/inning_all.xml","bottom",3,"Y",24,NA,NA,NA,"gid_2016_07_02_clemlb_tormlb_1","1-0"
"113","Ball","Bola mala",208,"B","180443","2016-07-02T18:04:43Z",54.3,181.97,"208","160702_140653","cd4c8406-c22d-4134-aede-cf3f6ab22434",80.3,73.4,3.53,1.61,10.46,7.36,1.692,2.152,1.921,50,6.096,-3.659,-117.652,-4.359,14.459,25.217,-21.933,"23.7","-31.0","7.8","CH",2,14,24,125.31,2184.876,"","","http://gd2.mlb.com/components/game/mlb/year_2016/month_07/day_02/gid_2016_07_02_clemlb_tormlb_1/inning/inning_all.xml","bottom",3,"Y",24,NA,NA,NA,"gid_2016_07_02_clemlb_tormlb_1","2-0"
"114","Called Strike","Strike cantado",209,"S","180500","2016-07-02T18:05:00Z",110.56,167.82,"209","160702_140707","40f5bd15-139a-405f-88da-ef57b2278aaa",88.3,79.6,3.53,1.61,5.42,12.8,0.216,2.676,1.971,50,5.955,-6.209,-129.211,-6.116,8.96,32.631,-10.96,"23.7","-30.7","3.6","FF",2,5,30,157.104,2585.651,"","","http://gd2.mlb.com/components/game/mlb/year_2016/month_07/day_02/gid_2016_07_02_clemlb_tormlb_1/inning/inning_all.xml","bottom",3,"Y",24,NA,NA,NA,"gid_2016_07_02_clemlb_tormlb_1","3-0"
"115","In play, out(s)","En juego, out(s)",210,"X","180516","2016-07-02T18:05:16Z",119.36,162.56,"210","160702_140721","0f3dc26f-a3c4-4e95-b188-89e0c4822c60",88.1,79.6,3.53,1.61,6.58,13.25,-0.016,2.871,1.942,50,6.016,-7.088,-128.928,-5.904,10.844,31.912,-10.252,"23.7","-37.9","3.7","FF",2,5,25,153.681,2752.111,"","","http://gd2.mlb.com/components/game/mlb/year_2016/month_07/day_02/gid_2016_07_02_clemlb_tormlb_1/inning/inning_all.xml","bottom",3,"Y",24,NA,NA,NA,"gid_2016_07_02_clemlb_tormlb_1","3-1"
"116","Called Strike","Strike cantado",214,"S","180552","2016-07-02T18:05:52Z",95.04,188.61,"214","160702_140802","f7d34cbc-546d-45b3-bcfb-45831f4082c8",81.4,74.1,3.53,1.58,9.36,6.57,0.623,1.906,1.884,50,6.093,-5.771,-119.086,-4.881,13.202,26.632,-22.827,"23.7","-26.7","7.7","CH",2,9,71,125.299,1970.65,"","","http://gd2.mlb.com/components/game/mlb/year_2016/month_07/day_02/gid_2016_07_02_clemlb_tormlb_1/inning/inning_all.xml","bottom",3,"Y",25,NA,NA,NA,"gid_2016_07_02_clemlb_tormlb_1","0-0"
"117","Ball","Bola mala",215,"B","180604","2016-07-02T18:06:04Z",129.73,232.08,"215","160702_140813","624a6b5a-8bfb-48d1-97e1-7fa458550493",73,67.5,3.53,1.58,-1.33,-6.86,-0.289,0.295,1.991,50,6.107,-4.413,-106.942,-2.643,-1.505,21.9,-39.88,"23.8","3.1","14.5","CU",2,13,20,348.951,1065.152,"","","http://gd2.mlb.com/components/game/mlb/year_2016/month_07/day_02/gid_2016_07_02_clemlb_tormlb_1/inning/inning_all.xml","bottom",3,"Y",25,NA,NA,NA,"gid_2016_07_02_clemlb_tormlb_1","0-1"
"118","Ball","Bola mala",216,"B","180622","2016-07-02T18:06:22Z",171.24,177.92,"216","160702_140829","71e58dee-bb0b-4456-a759-3e72726c770a",89.8,82.4,3.53,1.58,5.08,10.05,-1.377,2.301,2.014,50,5.821,-10.475,-131.188,-6.272,8.825,28.639,-14.644,"23.8","-22.5","4.0","FF",2,13,20,153.28,2170.405,"","","http://gd2.mlb.com/components/game/mlb/year_2016/month_07/day_02/gid_2016_07_02_clemlb_tormlb_1/inning/inning_all.xml","bottom",3,"Y",25,NA,NA,NA,"gid_2016_07_02_clemlb_tormlb_1","1-1"
"119","In play, no out","En juego, no out",217,"X","180637","2016-07-02T18:06:37Z",135.03,178.08,"217","160702_140843","17a9680b-9ab9-4d53-b464-c1f4d5a5bf6b",89,81.3,3.53,1.58,6.73,8.27,-0.427,2.296,2.219,50,5.813,-9.004,-130.141,-5.471,11.431,29.766,-18.058,"23.7","-26.1","5.1","FF",2,4,38,141.001,2024.876,"","","http://gd2.mlb.com/components/game/mlb/year_2016/month_07/day_02/gid_2016_07_02_clemlb_tormlb_1/inning/inning_all.xml","bottom",3,"Y",25,NA,NA,NA,"gid_2016_07_02_clemlb_tormlb_1","2-1"
"120","Called Strike","Strike cantado",221,"S","180721","2016-07-02T18:07:21Z",136.97,171.42,"221","160702_140930","540936bf-db54-44be-810d-51c49f48a7d7",88.7,79.6,3.77,1.68,5.62,13.68,-0.478,2.543,1.861,50,5.896,-7.761,-129.748,-6.627,9.315,34.199,-9.427,"23.6","-33.2","3.3","FF",2,4,54,157.732,2748.465,"","","http://gd2.mlb.com/components/game/mlb/year_2016/month_07/day_02/gid_2016_07_02_clemlb_tormlb_1/inning/inning_all.xml","bottom",3,"Y",26,429665,NA,NA,"gid_2016_07_02_clemlb_tormlb_1","0-0"
"121","Ball","Bola mala",222,"B","180744","2016-07-02T18:07:44Z",84.6,127.3,"222","160702_140952","28874b0a-77ed-4542-97d3-801984634d97",90.7,82.3,3.77,1.68,2.77,11.97,0.897,4.178,2.039,50,5.953,-3.918,-133.018,-2.531,4.893,32.567,-10.975,"23.7","-18.8","2.8","FF",2,12,67,167.005,2372.892,"","","http://gd2.mlb.com/components/game/mlb/year_2016/month_07/day_02/gid_2016_07_02_clemlb_tormlb_1/inning/inning_all.xml","bottom",3,"Y",26,429665,NA,NA,"gid_2016_07_02_clemlb_tormlb_1","0-1"
"122","Ball In Dirt","Bola por el suelo",223,"B","180806","2016-07-02T18:08:06Z",103.54,216.18,"223","160702_141014","555d8c13-cb59-41d9-a5d4-e8666fb5fd2a",81.6,74.3,3.77,1.68,12.93,6.5,0.399,0.884,1.731,50,5.854,-7.024,-119.269,-6.705,18.276,26.973,-22.919,"23.7","-34.6","8.5","CH",2,14,30,116.858,2491.88,"","","http://gd2.mlb.com/components/game/mlb/year_2016/month_07/day_02/gid_2016_07_02_clemlb_tormlb_1/inning/inning_all.xml","bottom",3,"Y",26,429665,NA,NA,"gid_2016_07_02_clemlb_tormlb_1","1-1"
"123","Ball In Dirt","Bola por el suelo",224,"B","180828","2016-07-02T18:08:28Z",159.27,229.44,"224","160702_141037","645e879b-abcd-400c-9729-0134ea7ebf9a",89,81.2,3.77,1.68,6.97,12.12,-1.063,0.394,1.775,50,5.618,-9.54,-129.71,-11.033,11.742,29.791,-11.661,"23.7","-34.3","4.1","FF",2,13,50,150.214,2643.636,"","","http://gd2.mlb.com/components/game/mlb/year_2016/month_07/day_02/gid_2016_07_02_clemlb_tormlb_1/inning/inning_all.xml","bottom",3,"Y",26,429665,NA,NA,"gid_2016_07_02_clemlb_tormlb_1","2-1"
"124","In play, no out","En juego, no out",225,"X","180852","2016-07-02T18:08:52Z",139.98,183.35,"225","160702_141059","2aae4c86-bfee-4249-8b56-fe98020aa1af",90.4,82.2,3.77,1.68,2.28,12.41,-0.557,2.101,1.789,50,5.784,-6.851,-132.23,-7.537,3.975,32.19,-10.461,"23.7","-10.8","2.9","FF",2,7,48,169.627,2421.867,"","","http://gd2.mlb.com/components/game/mlb/year_2016/month_07/day_02/gid_2016_07_02_clemlb_tormlb_1/inning/inning_all.xml","bottom",3,"Y",26,429665,NA,NA,"gid_2016_07_02_clemlb_tormlb_1","3-1"
"125","Swinging Strike","Strike tirándole",230,"S","180944","2016-07-02T18:09:44Z",74.84,202.38,"230","160702_141149","e9fdc2eb-6615-4478-8506-de97189d6d46",81.9,74.6,3.46,1.52,13.42,3.23,1.153,1.396,1.782,50,5.957,-5.553,-119.848,-4.84,19.121,27.604,-27.495,"23.7","-32.1","9.6","CH",2,14,86,103.751,2382.926,"","","http://gd2.mlb.com/components/game/mlb/year_2016/month_07/day_02/gid_2016_07_02_clemlb_tormlb_1/inning/inning_all.xml","bottom",3,"Y",27,459431,429665,NA,"gid_2016_07_02_clemlb_tormlb_1","0-0"
"126","Ball In Dirt","Bola por el suelo",231,"B","181003","2016-07-02T18:10:03Z",99.89,219.15,"231","160702_141212","352e05b2-3f8a-4b46-aade-1bb80488232f",90.1,81,3.46,1.52,4.77,11.7,0.495,0.775,1.915,50,5.641,-5.232,-131.664,-10.133,8.143,35.338,-12.148,"23.6","-24.6","3.9","FF",2,14,38,157.874,2382.078,"","","http://gd2.mlb.com/components/game/mlb/year_2016/month_07/day_02/gid_2016_07_02_clemlb_tormlb_1/inning/inning_all.xml","bottom",3,"Y",27,459431,429665,NA,"gid_2016_07_02_clemlb_tormlb_1","0-1"
"127","Ball","Bola mala",232,"B","181029","2016-07-02T18:10:29Z",59.82,132.1,"232","160702_141237","0278bb9a-25dc-401d-a82b-150e91a3b8ff",81.3,73.2,3.46,1.52,12.44,5.35,1.547,4,1.86,50,6.172,-4.465,-119.095,0.249,17.385,28.646,-24.622,"23.7","-33.6","8.6","CH",2,12,21,113.481,2308.978,"","","http://gd2.mlb.com/components/game/mlb/year_2016/month_07/day_02/gid_2016_07_02_clemlb_tormlb_1/inning/inning_all.xml","bottom",3,"Y",27,459431,429665,NA,"gid_2016_07_02_clemlb_tormlb_1","1-1"
"128","Ball","Bola mala",233,"B","181055","2016-07-02T18:10:55Z",85.51,136.88,"233","160702_141304","4a49a6b6-0ebc-441d-a14a-7da69e332399",89.1,80.6,3.46,1.52,5.06,12.39,0.873,3.823,1.979,50,5.78,-4.508,-130.622,-2.84,8.583,32.334,-11.094,"23.7","-32.4","3.4","FF",2,12,70,157.847,2527.931,"","","http://gd2.mlb.com/components/game/mlb/year_2016/month_07/day_02/gid_2016_07_02_clemlb_tormlb_1/inning/inning_all.xml","bottom",3,"Y",27,459431,429665,NA,"gid_2016_07_02_clemlb_tormlb_1","2-1"
"129","In play, out(s)","En juego, out(s)",234,"X","181123","2016-07-02T18:11:23Z",125.84,185.81,"234","160702_141327","59ffcd6a-a9b0-410a-8007-992fa73070fc",89,81.8,3.46,1.52,4.94,11.44,-0.186,2.009,1.822,50,5.803,-6.799,-130.159,-7.298,8.449,28.014,-12.529,"23.8","-26.6","3.7","FF",2,8,34,156.73,2383.604,"","","http://gd2.mlb.com/components/game/mlb/year_2016/month_07/day_02/gid_2016_07_02_clemlb_tormlb_1/inning/inning_all.xml","bottom",3,"Y",27,459431,429665,NA,"gid_2016_07_02_clemlb_tormlb_1","3-1"
"130","Ball In Dirt","Bola por el suelo",239,"B","181233","2016-07-02T18:12:33Z",160.19,246.12,"239","160702_141439","1fcc7947-01ee-44f8-9e99-08859f9c37f2",89.2,80.9,3.61,1.67,4.68,13.39,-1.087,-0.224,1.721,50,5.661,-8.681,-129.818,-13.062,7.84,31.963,-9.673,"23.7","-24.3","3.4","FF",2,13,64,160.792,2662.87,"","","http://gd2.mlb.com/components/game/mlb/year_2016/month_07/day_02/gid_2016_07_02_clemlb_tormlb_1/inning/inning_all.xml","bottom",3,"Y",28,459431,NA,429665,"gid_2016_07_02_clemlb_tormlb_1","0-0"
"131","Called Strike","Strike cantado",240,"S","181306","2016-07-02T18:13:06Z",133.47,196.31,"240","160702_141514","b6754185-18d3-43bb-8c40-347b8a8150e4",81.4,74.3,3.61,1.67,6.73,8.98,-0.385,1.621,1.598,50,5.922,-6.673,-119.12,-5.907,9.526,25.983,-19.383,"23.7","-21.6","6.4","CH",2,13,47,143.325,1942.393,"","","http://gd2.mlb.com/components/game/mlb/year_2016/month_07/day_02/gid_2016_07_02_clemlb_tormlb_1/inning/inning_all.xml","bottom",3,"Y",28,459431,NA,429665,"gid_2016_07_02_clemlb_tormlb_1","1-0"
"132","Called Strike","Strike cantado",241,"S","181349","2016-07-02T18:13:49Z",95.04,166.56,"241","160702_141550","60fc569e-d4df-4bd2-ba4d-1866f31b019c",71.4,65.9,3.61,1.67,-3.38,-8.84,0.622,2.722,1.952,50,6.396,-1.833,-104.741,2.611,-3.706,19.99,-41.783,"23.8","5.5","15.4","CU",2,6,33,338.911,1426.515,"","","http://gd2.mlb.com/components/game/mlb/year_2016/month_07/day_02/gid_2016_07_02_clemlb_tormlb_1/inning/inning_all.xml","bottom",3,"Y",28,459431,NA,429665,"gid_2016_07_02_clemlb_tormlb_1","1-1"
"133","In play, out(s)","En juego, out(s)",242,"X","181409","2016-07-02T18:14:09Z",90.51,179.7,"242","160702_141615","99771ceb-f8fc-42fe-be90-3052e6f3a584",82.9,75.4,3.61,1.67,9.04,7.25,0.742,2.237,1.687,50,5.927,-5.033,-121.36,-4.264,13.246,27.599,-21.476,"23.7","-28.5","7.1","CH",2,14,47,128.927,2035.418,"","","http://gd2.mlb.com/components/game/mlb/year_2016/month_07/day_02/gid_2016_07_02_clemlb_tormlb_1/inning/inning_all.xml","bottom",3,"Y",28,459431,NA,429665,"gid_2016_07_02_clemlb_tormlb_1","1-2"
"134","Foul","Foul",248,"S","181631","2016-07-02T18:16:31Z",120.54,165.83,"248","160702_141834","6ea72b90-a0ba-4b6b-905d-6bcb87cf8172",83.2,75.8,3.25,1.43,0.06,10.09,-0.046,2.749,-0.879,50,6.618,1.971,-121.942,-5.661,0.09,27.623,-17.162,"23.7","-1.6","5.1","CH",0.75,2,47,179.658,1786.057,"","","http://gd2.mlb.com/components/game/mlb/year_2016/month_07/day_02/gid_2016_07_02_clemlb_tormlb_1/inning/inning_all.xml","top",4,"Y",29,NA,NA,NA,"gid_2016_07_02_clemlb_tormlb_1","0-0"
"135","Foul","Foul",249,"S","181653","2016-07-02T18:16:53Z",163.01,144.82,"249","160702_141859","fd7b8dea-401a-4baf-aaf4-aa8ae98e9bd8",84.7,76.3,3.25,1.43,-3.68,14.3,-1.16,3.526,-0.872,50,6.602,0.455,-124.062,-5.323,-5.595,30.412,-10.355,"23.7","25.2","3.5","FF",0.933,11,69,194.381,2634.068,"","","http://gd2.mlb.com/components/game/mlb/year_2016/month_07/day_02/gid_2016_07_02_clemlb_tormlb_1/inning/inning_all.xml","top",4,"Y",29,NA,NA,NA,"gid_2016_07_02_clemlb_tormlb_1","0-1"
"136","Swinging Strike","Strike tirándole",250,"S","181717","2016-07-02T18:17:17Z",104.57,163.34,"250","160702_141918","902b27fd-45da-4f99-ab19-4a3d284ed76a",73.4,67.5,3.25,1.43,-9.72,11.55,0.372,2.841,-0.903,50,6.592,5.366,-107.389,-3.518,-11.291,19.537,-18.685,"23.8","28.2","7.7","CH",0.907,3,38,219.93,2376.46,"","","http://gd2.mlb.com/components/game/mlb/year_2016/month_07/day_02/gid_2016_07_02_clemlb_tormlb_1/inning/inning_all.xml","top",4,"Y",29,NA,NA,NA,"gid_2016_07_02_clemlb_tormlb_1","0-2"
"137","Called Strike","Strike cantado",254,"S","181742","2016-07-02T18:17:42Z",114.79,168.45,"254","160702_141949","60fc9de3-0081-444f-ab22-6ec7571996d8",83.2,76,3.4,1.57,-2.3,8.39,0.105,2.653,-0.719,50,6.638,2.687,-121.944,-5.438,-3.419,27.014,-19.633,"23.7","7.8","5.8","CH",0.609,5,45,195.248,1546.471,"","","http://gd2.mlb.com/components/game/mlb/year_2016/month_07/day_02/gid_2016_07_02_clemlb_tormlb_1/inning/inning_all.xml","top",4,"Y",30,NA,NA,NA,"gid_2016_07_02_clemlb_tormlb_1","0-0"
"138","Foul","Foul",255,"S","181750","2016-07-02T18:17:50Z",125.5,183.05,"255","160702_142000","0a9ea0ef-6204-49a5-a9ee-34d41f7486b4",85,77.2,3.4,1.57,-5.05,15.33,-0.176,2.113,-0.794,50,6.406,3.101,-124.291,-8.714,-7.769,28.735,-8.521,"23.7","33.9","3.4","FF",0.949,8,34,198.182,2906.002,"","","http://gd2.mlb.com/components/game/mlb/year_2016/month_07/day_02/gid_2016_07_02_clemlb_tormlb_1/inning/inning_all.xml","top",4,"Y",30,NA,NA,NA,"gid_2016_07_02_clemlb_tormlb_1","0-1"
"139","Ball","Bola mala",256,"B","181814","2016-07-02T18:18:14Z",88.11,213.86,"256","160702_142023","90eff32c-db20-4c8b-b3b0-bcec6974dd97",87,79.4,3.4,1.57,-6.26,15.95,0.805,0.972,-0.583,50,6.326,5.489,-126.925,-12.084,-10.112,28.507,-6.357,"23.7","44.6","3.2","FF",0.909,14,47,201.388,3169.226,"","","http://gd2.mlb.com/components/game/mlb/year_2016/month_07/day_02/gid_2016_07_02_clemlb_tormlb_1/inning/inning_all.xml","top",4,"Y",30,NA,NA,NA,"gid_2016_07_02_clemlb_tormlb_1","0-2"
"140","In play, run(s)","En juego, carrera(s)",257,"X","181841","2016-07-02T18:18:41Z",107.81,135.59,"257","160702_142041","8a421b39-3d06-4561-b8ad-9bfde3191705",86.9,78,3.4,1.57,-4.36,15.05,0.288,3.87,-0.689,50,6.57,3.826,-127.231,-5.082,-6.953,32.483,-8.08,"23.6","32.6","2.8","FF",0.91,12,29,196.095,2859.486,"","","http://gd2.mlb.com/components/game/mlb/year_2016/month_07/day_02/gid_2016_07_02_clemlb_tormlb_1/inning/inning_all.xml","top",4,"Y",30,NA,NA,NA,"gid_2016_07_02_clemlb_tormlb_1","1-2"
"141","Ball","Bola mala",262,"B","181917","2016-07-02T18:19:17Z",125.88,128.16,"262","160702_142125","21a55de3-bce2-43ac-8277-ee267bfad438",85.7,77.3,3.5,1.61,-2.3,14.11,-0.186,4.144,-0.794,50,6.636,2.222,-125.539,-4.07,-3.591,30.533,-10.07,"23.7","15.5","3.0","FF",0.817,11,41,189.226,2587.923,"","","http://gd2.mlb.com/components/game/mlb/year_2016/month_07/day_02/gid_2016_07_02_clemlb_tormlb_1/inning/inning_all.xml","top",4,"Y",31,NA,NA,NA,"gid_2016_07_02_clemlb_tormlb_1","0-0"
"142","In play, out(s)","En juego, out(s)",263,"X","181933","2016-07-02T18:19:33Z",134.53,200.95,"263","160702_142137","e033233e-b2ab-45cd-abbf-1f91dac34eb8",73.8,66.7,3.5,1.61,-7.27,12.44,-0.413,1.448,-0.86,50,6.505,2.918,-107.949,-6.408,-8.328,23.86,-17.851,"23.7","21.9","7.4","CH",0.898,13,50,210.174,2226.68,"","","http://gd2.mlb.com/components/game/mlb/year_2016/month_07/day_02/gid_2016_07_02_clemlb_tormlb_1/inning/inning_all.xml","top",4,"Y",31,NA,NA,NA,"gid_2016_07_02_clemlb_tormlb_1","1-0"
"143","Foul","Foul",267,"S","182040","2016-07-02T18:20:40Z",122.76,174.79,"267","160702_142245","a11d4699-64fe-4e85-b736-57ae799a75ac",83,75.8,3.56,1.7,-1.11,10.31,-0.104,2.418,-0.778,50,6.489,1.951,-121.524,-6.176,-1.636,26.729,-16.883,"23.7","3.9","5.0","CH",0.559,5,46,186.105,1835.894,"","","http://gd2.mlb.com/components/game/mlb/year_2016/month_07/day_02/gid_2016_07_02_clemlb_tormlb_1/inning/inning_all.xml","top",4,"Y",32,NA,NA,NA,"gid_2016_07_02_clemlb_tormlb_1","0-0"
"144","Ball","Bola mala",268,"B","182100","2016-07-02T18:21:00Z",103.81,239.86,"268","160702_142310","60139e82-b65a-4ff3-a20b-da1c473c7c2c",74.5,69.1,3.56,1.7,-8.96,11.89,0.393,0.009,-0.807,50,6.425,5.073,-108.776,-9.603,-10.721,19.378,-17.881,"23.8","27.0","7.4","CH",0.908,14,30,216.872,2382.982,"","","http://gd2.mlb.com/components/game/mlb/year_2016/month_07/day_02/gid_2016_07_02_clemlb_tormlb_1/inning/inning_all.xml","top",4,"Y",32,NA,NA,NA,"gid_2016_07_02_clemlb_tormlb_1","0-1"
"145","Ball","Bola mala",269,"B","182117","2016-07-02T18:21:17Z",104.8,215.53,"269","160702_142326","54d1398a-e98f-4443-8885-f3e0acdd3578",74.8,67.6,3.56,1.7,-7.74,12.55,0.366,0.91,-0.778,50,6.421,4.574,-109.408,-7.691,-9.099,24.669,-17.34,"23.7","23.2","7.2","CH",0.9,14,29,211.523,2307.593,"","","http://gd2.mlb.com/components/game/mlb/year_2016/month_07/day_02/gid_2016_07_02_clemlb_tormlb_1/inning/inning_all.xml","top",4,"Y",32,NA,NA,NA,"gid_2016_07_02_clemlb_tormlb_1","1-1"
"146","Ball","Bola mala",270,"B","182138","2016-07-02T18:21:38Z",105.56,215.61,"270","160702_142344","c2aeed66-5e30-4344-9d35-bfc59b1bfef0",86.7,78.7,3.56,1.7,-0.69,15.35,0.347,0.907,-0.712,50,6.322,2.852,-126.642,-11.898,-1.106,30.254,-7.624,"23.7","2.5","2.7","FC",0.887,14,33,182.578,2815.245,"","","http://gd2.mlb.com/components/game/mlb/year_2016/month_07/day_02/gid_2016_07_02_clemlb_tormlb_1/inning/inning_all.xml","top",4,"Y",32,NA,NA,NA,"gid_2016_07_02_clemlb_tormlb_1","2-1"
"147","Foul","Foul",271,"S","182155","2016-07-02T18:21:55Z",75.6,183.59,"271","160702_142401","4ca751fa-ea20-4c85-b1e9-db7505e7cf6f",87,78.5,3.56,1.7,-0.42,14.46,1.133,2.093,-0.661,50,6.439,4.596,-127.195,-8.997,-0.67,31.948,-8.98,"23.7","-2.3","2.9","FC",0.899,14,54,181.653,2646.604,"","","http://gd2.mlb.com/components/game/mlb/year_2016/month_07/day_02/gid_2016_07_02_clemlb_tormlb_1/inning/inning_all.xml","top",4,"Y",32,NA,NA,NA,"gid_2016_07_02_clemlb_tormlb_1","3-1"
"148","In play, out(s)","En juego, out(s)",272,"X","182212","2016-07-02T18:22:12Z",105.03,168.99,"272","160702_142419","521ad8a4-9fdd-422e-8535-77ea51e16fdf",76.8,70.2,3.56,1.7,-7.67,11.92,0.361,2.633,-0.761,50,6.622,4.672,-112.482,-4.956,-9.695,22.851,-17.028,"23.7","26.0","6.4","CH",0.905,6,28,212.622,2319.452,"","","http://gd2.mlb.com/components/game/mlb/year_2016/month_07/day_02/gid_2016_07_02_clemlb_tormlb_1/inning/inning_all.xml","top",4,"Y",32,NA,NA,NA,"gid_2016_07_02_clemlb_tormlb_1","3-2"
"149","Foul","Foul",277,"S","182452","2016-07-02T18:24:52Z",100.53,171.74,"277","160702_142657","f83f3936-5068-42c1-a0de-9cdf462d98cf",88.8,80.7,3.44,1.55,6.95,11.09,0.479,2.531,1.928,50,5.96,-5.994,-130,-6.121,11.723,31.005,-13.402,"23.7","-34.8","4.4","FF",2,6,52,148.017,2469.879,"","","http://gd2.mlb.com/components/game/mlb/year_2016/month_07/day_02/gid_2016_07_02_clemlb_tormlb_1/inning/inning_all.xml","bottom",4,"Y",33,NA,NA,NA,"gid_2016_07_02_clemlb_tormlb_1","0-0"
"150","Called Strike","Strike cantado",278,"S","182503","2016-07-02T18:25:03Z",163.54,191.91,"278","160702_142712","19bc75f0-a2d3-41dc-813c-37b8ae28206c",89.8,81.1,3.5,1.63,8.31,9.58,-1.175,1.783,1.898,50,5.727,-10.638,-131.114,-7.032,14.137,33.546,-15.797,"23.7","-33.2","5.0","FF",2,13,61,139.2,2393.891,"","","http://gd2.mlb.com/components/game/mlb/year_2016/month_07/day_02/gid_2016_07_02_clemlb_tormlb_1/inning/inning_all.xml","bottom",4,"Y",33,NA,NA,NA,"gid_2016_07_02_clemlb_tormlb_1","0-1"
"151","Ball","Bola mala",279,"B","182517","2016-07-02T18:25:17Z",120.35,115.17,"279","160702_142727","4da4c0d5-bf96-4e0e-b496-ed90a2cbd69c",70.9,63.5,3.44,1.55,-6.08,-3.79,-0.088,4.578,1.904,50,6.515,-2.434,-103.848,5.039,-6.384,23.704,-36.08,"23.6","11.1","13.9","CU",2,11,11,301.461,1045.552,"","","http://gd2.mlb.com/components/game/mlb/year_2016/month_07/day_02/gid_2016_07_02_clemlb_tormlb_1/inning/inning_all.xml","bottom",4,"Y",33,NA,NA,NA,"gid_2016_07_02_clemlb_tormlb_1","0-2"
"152","In play, out(s)","En juego, out(s)",280,"X","182533","2016-07-02T18:25:33Z",102.55,185.89,"280","160702_142739","c75c6ef6-3b98-434a-a6c7-4a11a2d290f9",80.2,73.3,3.44,1.55,9.07,7.31,0.425,2.007,1.608,50,6.086,-5.437,-117.467,-4.624,12.499,25.195,-22.036,"23.7","-26.4","7.6","CH",2,9,38,129.047,1987.649,"","","http://gd2.mlb.com/components/game/mlb/year_2016/month_07/day_02/gid_2016_07_02_clemlb_tormlb_1/inning/inning_all.xml","bottom",4,"Y",33,NA,NA,NA,"gid_2016_07_02_clemlb_tormlb_1","1-2"
"153","Swinging Strike","Strike tirándole",284,"S","182605","2016-07-02T18:26:05Z",96.11,204.81,"284","160702_142814","b3f4c05e-c0d8-45c2-bfb7-0cd804623b73",80.5,73.6,3.39,1.48,6.99,9.93,0.594,1.305,1.668,50,6.028,-4.58,-117.792,-6.961,9.692,25.069,-18.329,"23.7","-23.9","6.3","CH",2,14,79,145.008,2081.517,"","","http://gd2.mlb.com/components/game/mlb/year_2016/month_07/day_02/gid_2016_07_02_clemlb_tormlb_1/inning/inning_all.xml","bottom",4,"Y",34,NA,NA,NA,"gid_2016_07_02_clemlb_tormlb_1","0-0"
"154","Ball","Bola mala",285,"B","182620","2016-07-02T18:26:20Z",160.68,211.19,"285","160702_142828","c23fc1d5-9de4-4786-9f06-403ebd2957b3",90.1,81.1,3.39,1.48,3.7,13.95,-1.1,1.07,1.823,50,5.653,-8.735,-131.539,-10.147,6.312,34.889,-8.317,"23.6","-20.3","2.8","FF",2,13,68,165.182,2721.796,"","","http://gd2.mlb.com/components/game/mlb/year_2016/month_07/day_02/gid_2016_07_02_clemlb_tormlb_1/inning/inning_all.xml","bottom",4,"Y",34,NA,NA,NA,"gid_2016_07_02_clemlb_tormlb_1","0-1"
"155","Ball","Bola mala",286,"B","182632","2016-07-02T18:26:32Z",165.79,190.1,"286","160702_142842","af7a7bf5-682c-41e3-bd57-c4edfb5e2198",89.6,81.4,3.39,1.48,8.13,9.33,-1.234,1.851,1.862,50,5.741,-10.643,-130.732,-6.822,13.862,31.423,-16.192,"23.7","-32.6","5.0","FF",2,13,57,139.064,2347.769,"","","http://gd2.mlb.com/components/game/mlb/year_2016/month_07/day_02/gid_2016_07_02_clemlb_tormlb_1/inning/inning_all.xml","bottom",4,"Y",34,NA,NA,NA,"gid_2016_07_02_clemlb_tormlb_1","1-1"
"156","Ball","Bola mala",287,"B","182645","2016-07-02T18:26:45Z",74.58,206.81,"287","160702_142855","25bf8e81-d583-4c11-bf71-3c4fc6802d68",82.7,75.2,3.39,1.48,9.35,6.7,1.16,1.232,1.949,50,5.907,-4.735,-120.989,-6.356,13.584,27.93,-22.364,"23.7","-27.8","7.5","CH",2,14,64,125.837,2009.208,"","","http://gd2.mlb.com/components/game/mlb/year_2016/month_07/day_02/gid_2016_07_02_clemlb_tormlb_1/inning/inning_all.xml","bottom",4,"Y",34,NA,NA,NA,"gid_2016_07_02_clemlb_tormlb_1","2-1"
"157","In play, no out","En juego, no out",288,"X","182707","2016-07-02T18:27:07Z",123.06,179.97,"288","160702_142910","36a7cd77-8c76-453f-9932-77842a2450b3",89.7,80.6,3.39,1.48,3.54,12.49,-0.113,2.226,1.927,50,5.801,-6.399,-131.243,-7.028,6.013,34.876,-10.904,"23.6","-18.8","3.2","FF",2,5,29,164.216,2443.369,"","","http://gd2.mlb.com/components/game/mlb/year_2016/month_07/day_02/gid_2016_07_02_clemlb_tormlb_1/inning/inning_all.xml","bottom",4,"Y",34,NA,NA,NA,"gid_2016_07_02_clemlb_tormlb_1","3-1"
"158","In play, no out","En juego, no out",292,"X","182751","2016-07-02T18:27:51Z",81.51,171.15,"292","160702_142952","6f161897-efe8-454d-83c8-a405b528dbf7",90.7,82.5,3.23,1.5,6.4,11.47,0.977,2.553,1.989,50,5.741,-4.801,-132.809,-6.037,11.274,31.88,-11.873,"23.7","-37.3","3.9","FF",2,12,68,150.956,2536.666,"","","http://gd2.mlb.com/components/game/mlb/year_2016/month_07/day_02/gid_2016_07_02_clemlb_tormlb_1/inning/inning_all.xml","bottom",4,"Y",35,446381,NA,NA,"gid_2016_07_02_clemlb_tormlb_1","0-0"
"159","Called Strike","Strike cantado",297,"S","182833","2016-07-02T18:28:33Z",96.8,164.21,"297","160702_143044","08b5e75d-462c-445e-9d7f-1d9b41f8ed40",81.8,74.7,3.29,1.46,8,6.48,0.577,2.81,1.739,50,5.994,-5.176,-119.876,-2.651,11.49,26.083,-22.795,"23.7","-24.0","7.3","CH",2,3,66,129.225,1795.012,"","","http://gd2.mlb.com/components/game/mlb/year_2016/month_07/day_02/gid_2016_07_02_clemlb_tormlb_1/inning/inning_all.xml","bottom",4,"Y",36,485567,446381,NA,"gid_2016_07_02_clemlb_tormlb_1","0-0"
"160","Ball In Dirt","Bola por el suelo",298,"B","182857","2016-07-02T18:28:57Z",115.67,225.44,"298","160702_143106","8e4106c3-2007-4d62-aad5-c7268745ceff",73.3,67.3,3.29,1.46,-6.22,-7.13,0.08,0.541,1.984,50,6.051,-2.306,-107.417,-1.957,-7.06,23.448,-40.203,"23.8","10.4","14.8","CU",2,14,13,318.675,1444.004,"","","http://gd2.mlb.com/components/game/mlb/year_2016/month_07/day_02/gid_2016_07_02_clemlb_tormlb_1/inning/inning_all.xml","bottom",4,"Y",36,485567,446381,NA,"gid_2016_07_02_clemlb_tormlb_1","0-1"
"161","Foul","Foul",299,"S","182925","2016-07-02T18:29:25Z",122.45,170.52,"299","160702_143134","8cfae896-a138-446c-9dc9-33deb67b1ae0",81.6,74.1,3.29,1.46,7.75,8,-0.097,2.576,1.565,50,5.89,-6.24,-119.453,-3.328,11.008,26.757,-20.747,"23.7","-24.2","6.8","CH",2,5,21,136.071,1927.045,"","","http://gd2.mlb.com/components/game/mlb/year_2016/month_07/day_02/gid_2016_07_02_clemlb_tormlb_1/inning/inning_all.xml","bottom",4,"Y",36,485567,446381,NA,"gid_2016_07_02_clemlb_tormlb_1","1-1"
"162","Swinging Strike","Strike tirándole",300,"S","182959","2016-07-02T18:29:59Z",105.79,143.07,"300","160702_143203","86df8858-2659-4b44-a7b9-fecb82603a5a",89,80.5,3.29,1.46,3.82,8.82,0.341,3.594,2.26,50,5.692,-6.162,-130.359,-1.978,6.445,32.501,-17.233,"23.7","-15.6","4.5","FF",2,12,52,156.668,1810.91,"","","http://gd2.mlb.com/components/game/mlb/year_2016/month_07/day_02/gid_2016_07_02_clemlb_tormlb_1/inning/inning_all.xml","bottom",4,"Y",36,485567,446381,NA,"gid_2016_07_02_clemlb_tormlb_1","1-2"
"163","Called Strike","Strike cantado",304,"S","183037","2016-07-02T18:30:37Z",97.06,163.77,"304","160702_143246","28a0265b-3527-4db4-86eb-f383bf726090",90.3,81.7,3.53,1.61,5.96,11.43,0.569,2.826,1.956,50,5.756,-5.59,-132.19,-5.221,10.358,33.007,-12.252,"23.7","-33.6","3.8","FF",2,6,59,152.53,2464.302,"","","http://gd2.mlb.com/components/game/mlb/year_2016/month_07/day_02/gid_2016_07_02_clemlb_tormlb_1/inning/inning_all.xml","bottom",4,"Y",37,485567,446381,NA,"gid_2016_07_02_clemlb_tormlb_1","0-0"
"164","Called Strike","Strike cantado",305,"S","183100","2016-07-02T18:31:00Z",111.7,184.38,"305","160702_143308","fb7aa273-59b3-4a44-855d-da22c4fee257",89.6,81.3,3.53,1.61,7.25,11.34,0.185,2.063,2.096,50,5.605,-7.324,-131.044,-6.629,12.404,31.852,-12.705,"23.7","-36.7","4.2","FF",2,8,34,147.499,2555.691,"","","http://gd2.mlb.com/components/game/mlb/year_2016/month_07/day_02/gid_2016_07_02_clemlb_tormlb_1/inning/inning_all.xml","bottom",4,"Y",37,485567,446381,NA,"gid_2016_07_02_clemlb_tormlb_1","0-1"
"165","Ball In Dirt","Bola por el suelo",306,"B","183126","2016-07-02T18:31:26Z",150.47,0,"306","160702_143335","18279ce8-0868-4ad6-95e8-e341f657ed0b",75.8,69.6,3.53,1.61,-3.2,-7.75,-0.832,-0.75,1.704,50,5.949,-4.589,-111.006,-4.885,-3.86,26.03,-41.453,"23.8","6.3","14.4","CU",2,13,37,337.414,1313.455,"","","http://gd2.mlb.com/components/game/mlb/year_2016/month_07/day_02/gid_2016_07_02_clemlb_tormlb_1/inning/inning_all.xml","bottom",4,"Y",37,485567,446381,NA,"gid_2016_07_02_clemlb_tormlb_1","0-2"
"166","Ball","Bola mala",307,"B","183156","2016-07-02T18:31:56Z",45.72,130.73,"307","160702_143406","2f5f1412-471f-46d1-8471-0f358813c709",90,82.6,3.53,1.61,4.82,7.93,1.916,4.051,2.204,50,5.844,-2.375,-132.007,-1.172,8.466,29.144,-18.17,"23.8","-23.3","4.6","FF",2,12,20,148.847,1798.451,"","","http://gd2.mlb.com/components/game/mlb/year_2016/month_07/day_02/gid_2016_07_02_clemlb_tormlb_1/inning/inning_all.xml","bottom",4,"Y",37,485567,446381,NA,"gid_2016_07_02_clemlb_tormlb_1","1-2"
"167","Called Strike","Strike cantado",308,"S","183224","2016-07-02T18:32:24Z",91.88,194.18,"308","160702_143432","6c93c3cc-acbd-4d12-abc9-f13a28a5d316",90,82.5,3.53,1.61,2.49,12.6,0.705,1.701,1.942,50,5.663,-4.047,-131.72,-8.334,4.35,29.424,-10.091,"23.8","-16.2","2.9","FF",2,9,59,168.858,2478.992,"","","http://gd2.mlb.com/components/game/mlb/year_2016/month_07/day_02/gid_2016_07_02_clemlb_tormlb_1/inning/inning_all.xml","bottom",4,"Y",37,485567,446381,NA,"gid_2016_07_02_clemlb_tormlb_1","2-2"
"168","Ball","Bola mala",314,"B","183442","2016-07-02T18:34:42Z",157.82,150.73,"314","160702_143651","4ee50c3d-c47a-4500-b75b-9affeb581588",86,76.6,3.42,1.61,-1.7,15.8,-1.025,3.308,-0.755,50,6.574,-0.121,-125.936,-6.429,-2.637,34.311,-7.664,"23.6","15.8","2.6","FC",0.816,11,77,186.139,2839.846,"","","http://gd2.mlb.com/components/game/mlb/year_2016/month_07/day_02/gid_2016_07_02_clemlb_tormlb_1/inning/inning_all.xml","top",5,"Y",38,NA,NA,NA,"gid_2016_07_02_clemlb_tormlb_1","0-0"
"169","Called Strike","Strike cantado",315,"S","183456","2016-07-02T18:34:56Z",145.63,184.48,"315","160702_143706","604cc275-a633-4e97-bd7e-3877a32caf04",86.6,76.4,3.42,1.61,-2.47,16.73,-0.705,2.06,-0.757,50,6.419,0.907,-126.605,-9.408,-3.813,37.164,-6.227,"23.5","21.6","2.6","FF",0.756,7,49,188.358,3005.232,"","","http://gd2.mlb.com/components/game/mlb/year_2016/month_07/day_02/gid_2016_07_02_clemlb_tormlb_1/inning/inning_all.xml","top",5,"Y",38,NA,NA,NA,"gid_2016_07_02_clemlb_tormlb_1","1-0"
"170","Ball","Bola mala",316,"B","183510","2016-07-02T18:35:10Z",83.84,0,"316","160702_143720","fdce0716-906b-42fd-bcf7-85c2cc524a94",74.1,67.6,3.42,1.61,4.69,-9.65,0.917,-0.75,-0.958,50,6.642,2.67,-108.523,-5.282,5.34,27.063,-43.082,"23.7","-7.5","16.0","CU",0.901,14,38,26.083,1623.591,"","","http://gd2.mlb.com/components/game/mlb/year_2016/month_07/day_02/gid_2016_07_02_clemlb_tormlb_1/inning/inning_all.xml","top",5,"Y",38,NA,NA,NA,"gid_2016_07_02_clemlb_tormlb_1","1-1"
"171","Foul Tip","Foul atrás",317,"S","183530","2016-07-02T18:35:30Z",115.89,150.73,"317","160702_143737","15f79bf0-29c8-48c4-95cf-95f0df929722",75.3,68.6,3.42,1.61,-4.93,10.77,0.076,3.308,-1.007,50,6.648,3.725,-110.281,-2.825,-5.977,22.416,-19.034,"23.7","15.0","6.8","CH",0.896,2,32,204.458,1899.039,"","","http://gd2.mlb.com/components/game/mlb/year_2016/month_07/day_02/gid_2016_07_02_clemlb_tormlb_1/inning/inning_all.xml","top",5,"Y",38,NA,NA,NA,"gid_2016_07_02_clemlb_tormlb_1","2-1"
"172","In play, out(s)","En juego, out(s)",318,"X","183549","2016-07-02T18:35:49Z",163.85,191.02,"318","160702_143757","d244c3af-cc93-4620-8090-817860faca1b",75.3,68.7,3.42,1.61,-7.95,10.55,-1.182,1.817,-0.892,50,6.638,1.596,-110.291,-5.941,-9.611,22.954,-19.341,"23.7","24.3","7.6","CH",0.904,13,57,216.829,2109.002,"","","http://gd2.mlb.com/components/game/mlb/year_2016/month_07/day_02/gid_2016_07_02_clemlb_tormlb_1/inning/inning_all.xml","top",5,"Y",38,NA,NA,NA,"gid_2016_07_02_clemlb_tormlb_1","2-2"
"173","Ball","Bola mala",322,"B","183629","2016-07-02T18:36:29Z",76.9,207.7,"322","160702_143838","f1871572-f525-4d40-9ec1-aad5dd2b9458",84.4,77,3.37,1.49,2.28,9.73,1.1,1.198,-0.809,50,6.41,3.905,-123.36,-9.02,3.448,28.297,-17.345,"23.7","-12.4","5.3","FC",0.527,14,80,166.912,1790.496,"","","http://gd2.mlb.com/components/game/mlb/year_2016/month_07/day_02/gid_2016_07_02_clemlb_tormlb_1/inning/inning_all.xml","top",5,"Y",39,NA,NA,NA,"gid_2016_07_02_clemlb_tormlb_1","0-0"
"174","Swinging Strike","Strike tirándole",323,"S","183647","2016-07-02T18:36:47Z",112.04,149.22,"323","160702_143851","75b3c90c-de37-48d0-aefe-21d0e229c372",76.3,67.4,3.37,1.49,-5.6,14.67,0.177,3.365,-0.825,50,6.672,3.726,-111.724,-3.813,-6.744,28.919,-14.433,"23.5","20.7","5.6","CH",0.897,2,38,200.812,2464.577,"","","http://gd2.mlb.com/components/game/mlb/year_2016/month_07/day_02/gid_2016_07_02_clemlb_tormlb_1/inning/inning_all.xml","top",5,"Y",39,NA,NA,NA,"gid_2016_07_02_clemlb_tormlb_1","1-0"
"175","Ball","Bola mala",324,"B","183658","2016-07-02T18:36:58Z",74.69,191.29,"324","160702_143908","f9f3e5f0-240c-4c4f-861b-10205f5e7806",86.3,76.7,3.37,1.49,-0.61,16.58,1.157,1.807,-0.442,50,6.458,4.106,-126.074,-10.062,-0.939,35.052,-6.476,"23.6","-1.1","2.5","FC",0.914,14,60,182.091,2959.142,"","","http://gd2.mlb.com/components/game/mlb/year_2016/month_07/day_02/gid_2016_07_02_clemlb_tormlb_1/inning/inning_all.xml","top",5,"Y",39,NA,NA,NA,"gid_2016_07_02_clemlb_tormlb_1","1-1"
"176","Foul","Foul",325,"S","183716","2016-07-02T18:37:16Z",94.36,163.83,"325","160702_143922","cabc599d-1d48-4974-9895-3bca516440f9",86.5,77.7,3.37,1.49,-2.01,15.85,0.641,2.823,-0.477,50,6.561,3.406,-126.652,-7.806,-3.168,32.571,-7.071,"23.6","14.3","2.4","FF",0.731,3,45,187.191,2898.324,"","","http://gd2.mlb.com/components/game/mlb/year_2016/month_07/day_02/gid_2016_07_02_clemlb_tormlb_1/inning/inning_all.xml","top",5,"Y",39,NA,NA,NA,"gid_2016_07_02_clemlb_tormlb_1","2-1"
"177","Ball","Bola mala",326,"B","183737","2016-07-02T18:37:37Z",102.06,213.05,"326","160702_143946","959326eb-a6f7-4a3d-ae66-26868a3ae8cc",75.8,69.5,3.37,1.49,-10.89,10.2,0.439,1.001,-0.659,50,6.442,5.459,-110.845,-7.344,-13.367,22.236,-19.572,"23.8","30.5","8.1","CH",0.895,14,31,226.686,2404.444,"","","http://gd2.mlb.com/components/game/mlb/year_2016/month_07/day_02/gid_2016_07_02_clemlb_tormlb_1/inning/inning_all.xml","top",5,"Y",39,NA,NA,NA,"gid_2016_07_02_clemlb_tormlb_1","2-2"
"178","Foul","Foul",327,"S","183750","2016-07-02T18:37:50Z",108.84,176.73,"327","160702_144000","4cb424b2-a80b-4c07-82d0-397d5eeeeb48",75.8,67.9,3.37,1.49,-11.24,12.2,0.261,2.346,-0.741,50,6.581,5.291,-110.894,-5.088,-13.496,26.4,-17.443,"23.6","33.4","7.6","CH",0.893,6,27,222.494,2613.721,"","","http://gd2.mlb.com/components/game/mlb/year_2016/month_07/day_02/gid_2016_07_02_clemlb_tormlb_1/inning/inning_all.xml","top",5,"Y",39,NA,NA,NA,"gid_2016_07_02_clemlb_tormlb_1","3-2"
"179","Foul","Foul",328,"S","183817","2016-07-02T18:38:17Z",117.95,167.04,"328","160702_144024","bf304cf5-970f-4b11-a4b8-8873e8412583",88.1,78.9,3.37,1.49,-0.76,16.18,0.022,2.704,-0.69,50,6.453,2.037,-129.002,-8.292,-1.24,34.594,-5.683,"23.6","5.1","2.0","FC",0.566,5,26,182.678,2982.493,"","","http://gd2.mlb.com/components/game/mlb/year_2016/month_07/day_02/gid_2016_07_02_clemlb_tormlb_1/inning/inning_all.xml","top",5,"Y",39,NA,NA,NA,"gid_2016_07_02_clemlb_tormlb_1","3-2"
"180","In play, out(s)","En juego, out(s)",329,"X","183842","2016-07-02T18:38:42Z",100.38,164.02,"329","160702_144049","e4e9bb2a-4671-4677-8c8e-ffee92e92ff6",88.7,80.3,3.37,1.49,-2.42,13.32,0.483,2.818,-0.538,50,6.44,3.395,-129.88,-7.28,-4.057,32.291,-9.81,"23.7","15.6","2.9","FF",0.898,3,40,190.28,2538.87,"","","http://gd2.mlb.com/components/game/mlb/year_2016/month_07/day_02/gid_2016_07_02_clemlb_tormlb_1/inning/inning_all.xml","top",5,"Y",39,NA,NA,NA,"gid_2016_07_02_clemlb_tormlb_1","3-2"
"181","Ball","Bola mala",333,"B","183920","2016-07-02T18:39:20Z",137.05,112.99,"333","160702_144130","758e784d-58d2-4039-a398-7f44cac18fb1",73,66,3.47,1.5,3.47,-9.65,-0.479,4.704,-1.031,50,7.136,0.215,-106.902,5.234,3.899,23.617,-42.931,"23.7","-5.4","15.3","CU",0.903,11,72,19.922,1552.786,"","","http://gd2.mlb.com/components/game/mlb/year_2016/month_07/day_02/gid_2016_07_02_clemlb_tormlb_1/inning/inning_all.xml","top",5,"Y",40,NA,NA,NA,"gid_2016_07_02_clemlb_tormlb_1","0-0"
"182","Foul","Foul",334,"S","183938","2016-07-02T18:39:38Z",94.74,196.53,"334","160702_144142","0db04769-532d-4003-aee6-69066026c949",75.4,69.5,3.47,1.5,-6.99,12.93,0.631,1.612,-0.874,50,6.607,5.241,-110.178,-7.112,-8.571,20.096,-16.253,"23.8","23.7","6.3","CH",0.901,9,51,208.294,2380.902,"","","http://gd2.mlb.com/components/game/mlb/year_2016/month_07/day_02/gid_2016_07_02_clemlb_tormlb_1/inning/inning_all.xml","top",5,"Y",40,NA,NA,NA,"gid_2016_07_02_clemlb_tormlb_1","1-0"
"183","Ball","Bola mala",335,"B","183954","2016-07-02T18:39:54Z",126.8,206.73,"335","160702_144203","5422b633-d612-454f-8fab-7cee70f7caed",87.6,79.5,3.47,1.5,-1.18,14.62,-0.21,1.235,-0.767,50,6.339,1.782,-127.975,-11.156,-1.925,30.653,-8.269,"23.7","7.9","2.8","FF",0.626,13,48,184.602,2718.751,"","","http://gd2.mlb.com/components/game/mlb/year_2016/month_07/day_02/gid_2016_07_02_clemlb_tormlb_1/inning/inning_all.xml","top",5,"Y",40,NA,NA,NA,"gid_2016_07_02_clemlb_tormlb_1","1-1"
"184","Swinging Strike","Strike tirándole",336,"S","184006","2016-07-02T18:40:06Z",96.45,166.39,"336","160702_144217","7afdce75-5e48-43f0-8618-0aa14934a846",76.1,68.8,3.47,1.5,-7.94,13.12,0.586,2.729,-0.685,50,6.657,5.002,-111.324,-4.871,-9.735,24.282,-16.01,"23.7","27.0","6.4","CH",0.905,6,41,211.058,2459.042,"","","http://gd2.mlb.com/components/game/mlb/year_2016/month_07/day_02/gid_2016_07_02_clemlb_tormlb_1/inning/inning_all.xml","top",5,"Y",40,NA,NA,NA,"gid_2016_07_02_clemlb_tormlb_1","2-1"
"185","In play, out(s)","En juego, out(s)",337,"X","184032","2016-07-02T18:40:32Z",82.16,198.01,"337","160702_144237","15952234-7182-473a-9af7-a23977c3b6cc",74.8,67.6,3.47,1.5,-9.02,12.97,0.961,1.557,-0.664,50,6.539,5.96,-109.32,-6.695,-10.631,23.961,-16.817,"23.7","27.3","7.1","CH",0.906,14,62,214.692,2478.708,"","","http://gd2.mlb.com/components/game/mlb/year_2016/month_07/day_02/gid_2016_07_02_clemlb_tormlb_1/inning/inning_all.xml","top",5,"Y",40,NA,NA,NA,"gid_2016_07_02_clemlb_tormlb_1","2-2"
"186","Ball","Bola mala",342,"B","184339","2016-07-02T18:43:39Z",149.97,208.97,"342","160702_144547","5f963b6b-0681-4d5d-84c3-cbf7faf70e13",80.5,72.7,3.53,1.58,8.62,9.06,-0.819,1.152,1.482,50,5.993,-7.843,-117.547,-6.808,11.753,27.656,-19.752,"23.7","-25.2","7.0","CH",2,13,67,136.586,2110.612,"","","http://gd2.mlb.com/components/game/mlb/year_2016/month_07/day_02/gid_2016_07_02_clemlb_tormlb_1/inning/inning_all.xml","bottom",5,"Y",41,NA,NA,NA,"gid_2016_07_02_clemlb_tormlb_1","0-0"
"187","Called Strike","Strike cantado",343,"S","184352","2016-07-02T18:43:52Z",102.71,175.09,"343","160702_144558","a8add31d-1266-4b6c-86b2-4acdf12162b7",87.2,78.7,3.53,1.58,5.58,12.34,0.421,2.407,1.85,50,6.002,-5.367,-127.571,-6.521,8.99,31.684,-12.223,"23.7","-29.1","4.0","FF",2,6,38,155.745,2488.603,"","","http://gd2.mlb.com/components/game/mlb/year_2016/month_07/day_02/gid_2016_07_02_clemlb_tormlb_1/inning/inning_all.xml","bottom",5,"Y",41,NA,NA,NA,"gid_2016_07_02_clemlb_tormlb_1","1-0"
"188","Ball","Bola mala",344,"B","184404","2016-07-02T18:44:04Z",91.12,136.13,"344","160702_144612","bb51ce55-bdfd-4275-9de8-e1833bd6865c",70.7,64.1,3.53,1.58,-1.91,-5.59,0.725,3.849,1.883,50,6.627,-1.84,-103.565,3.79,-2.017,21.804,-38.003,"23.7","3.6","14.4","CU",2,12,52,340.914,864.054,"","","http://gd2.mlb.com/components/game/mlb/year_2016/month_07/day_02/gid_2016_07_02_clemlb_tormlb_1/inning/inning_all.xml","bottom",5,"Y",41,NA,NA,NA,"gid_2016_07_02_clemlb_tormlb_1","1-1"
"189","In play, out(s)","En juego, out(s)",345,"X","184420","2016-07-02T18:44:20Z",89.29,145.44,"345","160702_144625","9bf07c93-2f60-48e7-8886-c22776bb9dd5",79,71,3.53,1.58,7.89,8.53,0.774,3.506,1.729,50,6.242,-4.458,-115.751,-1.558,10.395,27.408,-20.858,"23.6","-23.8","7.2","CH",2,12,57,137.43,1925.895,"","","http://gd2.mlb.com/components/game/mlb/year_2016/month_07/day_02/gid_2016_07_02_clemlb_tormlb_1/inning/inning_all.xml","bottom",5,"Y",41,NA,NA,NA,"gid_2016_07_02_clemlb_tormlb_1","2-1"
"190","Ball","Bola mala",349,"B","184506","2016-07-02T18:45:06Z",80.1,144.12,"349","160702_144716","ecd43111-13a1-4035-b10a-54479849bb03",79,70.4,3.77,1.68,7.37,12.25,1.015,3.555,1.719,50,6.21,-3.724,-115.846,-2.4,9.629,29.344,-16.086,"23.6","-27.6","5.9","CH",2,12,81,149.1,2348.061,"","","http://gd2.mlb.com/components/game/mlb/year_2016/month_07/day_02/gid_2016_07_02_clemlb_tormlb_1/inning/inning_all.xml","bottom",5,"Y",42,NA,NA,NA,"gid_2016_07_02_clemlb_tormlb_1","0-0"
"191","Foul","Foul",350,"S","184524","2016-07-02T18:45:24Z",92.6,188.64,"350","160702_144731","0ca40619-dcc1-46e8-803b-aa0852b76bf6",71.8,65.5,3.77,1.68,-6.23,-7.62,0.686,1.903,2.027,50,6.3,-1.101,-105.262,0.818,-6.779,22.784,-40.392,"23.7","9.8","15.3","CU",2,9,47,320.482,1468.284,"","","http://gd2.mlb.com/components/game/mlb/year_2016/month_07/day_02/gid_2016_07_02_clemlb_tormlb_1/inning/inning_all.xml","bottom",5,"Y",42,NA,NA,NA,"gid_2016_07_02_clemlb_tormlb_1","1-0"
"192","Called Strike","Strike cantado",351,"S","184547","2016-07-02T18:45:47Z",139.72,189.53,"351","160702_144753","29209f9c-c7d0-4bf3-b40d-2d72662da952",89.2,80.7,3.77,1.68,4.47,12.83,-0.55,1.873,1.86,50,5.782,-7.626,-130.385,-7.928,7.532,32.593,-10.459,"23.7","-24.6","3.3","FF",2,7,49,160.872,2557.428,"","","http://gd2.mlb.com/components/game/mlb/year_2016/month_07/day_02/gid_2016_07_02_clemlb_tormlb_1/inning/inning_all.xml","bottom",5,"Y",42,NA,NA,NA,"gid_2016_07_02_clemlb_tormlb_1","1-1"
"193","Ball","Bola mala",352,"B","184606","2016-07-02T18:46:06Z",195.48,0,"352","160702_144808","4dbf23de-ff52-4262-9ea6-6e25b6ce4c02",71.7,65.4,3.77,1.68,-2.85,-8.41,-2.014,-0.537,1.617,50,6.171,-6.633,-104.871,-3.531,-3.032,24.96,-41.057,"23.7","5.7","16.1","CU",2,13,12,341.155,1298.484,"","","http://gd2.mlb.com/components/game/mlb/year_2016/month_07/day_02/gid_2016_07_02_clemlb_tormlb_1/inning/inning_all.xml","bottom",5,"Y",42,NA,NA,NA,"gid_2016_07_02_clemlb_tormlb_1","1-2"
"194","Foul","Foul",353,"S","184625","2016-07-02T18:46:25Z",119.29,164.26,"353","160702_144830","62fa7ec5-ffc7-4b0a-96d4-c94b8a9a6fd7",90.2,81.1,3.77,1.68,4.98,13.15,-0.014,2.808,1.953,50,5.786,-6.73,-132.029,-5.841,8.557,34.818,-9.477,"23.6","-31.7","3.1","FF",2,5,17,159.345,2665.388,"","","http://gd2.mlb.com/components/game/mlb/year_2016/month_07/day_02/gid_2016_07_02_clemlb_tormlb_1/inning/inning_all.xml","bottom",5,"Y",42,NA,NA,NA,"gid_2016_07_02_clemlb_tormlb_1","2-2"
"195","Swinging Strike","Strike tirándole",354,"S","184702","2016-07-02T18:47:02Z",165.75,190.18,"354","160702_144910","a2e96627-cb34-4b40-99c7-04594f19904d",89.3,81,3.77,1.68,5.25,11.79,-1.233,1.849,1.706,50,5.772,-9.249,-130.382,-7.652,8.878,31.719,-12.141,"23.7","-25.6","3.7","FF",2,13,61,156.1,2438.195,"","","http://gd2.mlb.com/components/game/mlb/year_2016/month_07/day_02/gid_2016_07_02_clemlb_tormlb_1/inning/inning_all.xml","bottom",5,"Y",42,NA,NA,NA,"gid_2016_07_02_clemlb_tormlb_1","2-2"
"196","Called Strike","Strike cantado",358,"S","184731","2016-07-02T18:47:31Z",105.83,176.55,"358","160702_144941","4b446102-9d32-4315-85a4-0dce5ce445d2",81.4,74,3.46,1.52,10.37,5.45,0.34,2.353,1.808,50,6.027,-6.558,-119.116,-3.339,14.617,26.916,-24.418,"23.7","-27.7","8.2","CH",2,6,52,117.952,2015.387,"","","http://gd2.mlb.com/components/game/mlb/year_2016/month_07/day_02/gid_2016_07_02_clemlb_tormlb_1/inning/inning_all.xml","bottom",5,"Y",43,NA,NA,NA,"gid_2016_07_02_clemlb_tormlb_1","0-0"
"197","In play, no out","En juego, no out",359,"X","184750","2016-07-02T18:47:50Z",106.37,190.56,"359","160702_144953","9c457a09-c063-4a77-a9fc-400b6554b7da",81.5,73.7,3.46,1.52,9.81,7.02,0.325,1.834,1.845,50,6.065,-6.498,-119.213,-5.085,13.78,28.108,-22.236,"23.7","-27.8","7.7","CH",2,9,39,125.8,2067.598,"","","http://gd2.mlb.com/components/game/mlb/year_2016/month_07/day_02/gid_2016_07_02_clemlb_tormlb_1/inning/inning_all.xml","bottom",5,"Y",43,NA,NA,NA,"gid_2016_07_02_clemlb_tormlb_1","0-1"
"198","Ball","Bola mala",363,"B","184914","2016-07-02T18:49:14Z",117.65,197.28,"363","160702_145046","8c39ce75-ac37-4ab9-950d-de012d3e5311",89.9,80.8,3.61,1.67,7.58,9.8,0.029,1.585,1.777,50,5.696,-6.999,-131.46,-7.539,12.9,35.085,-15.431,"23.6","-32.5","5.0","FF",2,14,55,142.388,2332.572,"","","http://gd2.mlb.com/components/game/mlb/year_2016/month_07/day_02/gid_2016_07_02_clemlb_tormlb_1/inning/inning_all.xml","bottom",5,"Y",44,431145,NA,NA,"gid_2016_07_02_clemlb_tormlb_1","0-0"
"199","Foul","Foul",364,"S","184920","2016-07-02T18:49:20Z",106.33,143.12,"364","160702_145108","b7f46a08-d117-4f35-88b6-33330c7989bf",89.8,80.8,3.61,1.67,1.39,12.35,0.326,3.592,2.126,50,5.865,-5.09,-131.628,-3.702,2.381,34.748,-11.004,"23.6","-5.0","2.9","FF",2,3,47,173.585,2348.034,"","","http://gd2.mlb.com/components/game/mlb/year_2016/month_07/day_02/gid_2016_07_02_clemlb_tormlb_1/inning/inning_all.xml","bottom",5,"Y",44,431145,NA,NA,"gid_2016_07_02_clemlb_tormlb_1","1-0"
"200","Ball","Bola mala",365,"B","184930","2016-07-02T18:49:30Z",159.35,179,"365","160702_145137","33428f76-0066-42fd-bbcd-e4539a12e23e",90.3,82.7,3.61,1.67,3.9,6.64,-1.065,2.262,2.002,50,5.685,-9.284,-132.012,-4.959,6.838,29.95,-20.458,"23.8","-12.6","5.1","FF",2,13,54,149.731,1490.818,"","","http://gd2.mlb.com/components/game/mlb/year_2016/month_07/day_02/gid_2016_07_02_clemlb_tormlb_1/inning/inning_all.xml","bottom",5,"Y",44,431145,NA,NA,"gid_2016_07_02_clemlb_tormlb_1","1-1"
"201","Ball In Dirt","Bola por el suelo",366,"B","184954","2016-07-02T18:49:54Z",110.37,228.57,"366","160702_145202","063e2950-23b1-4fd3-956e-8e024a1d7207",89.3,81.3,3.61,1.67,3.85,15.27,0.22,0.426,1.742,50,5.673,-5.168,-130.23,-12.208,6.532,30.509,-6.205,"23.7","-30.7","2.5","FF",2,14,27,165.883,2983.099,"","","http://gd2.mlb.com/components/game/mlb/year_2016/month_07/day_02/gid_2016_07_02_clemlb_tormlb_1/inning/inning_all.xml","bottom",5,"Y",44,431145,NA,NA,"gid_2016_07_02_clemlb_tormlb_1","2-1"
"202","In play, run(s)","En juego, carrera(s)",367,"X","185022","2016-07-02T18:50:22Z",87.76,167.37,"367","160702_145230","9b5de400-4fd3-4278-8800-c775c3c49078",82.2,75.5,3.61,1.67,6.92,8.14,0.814,2.693,1.874,50,5.921,-4.646,-120.427,-3.406,10.112,24.359,-20.196,"23.8","-23.8","6.3","CH",2,12,45,139.83,1888.439,"","","http://gd2.mlb.com/components/game/mlb/year_2016/month_07/day_02/gid_2016_07_02_clemlb_tormlb_1/inning/inning_all.xml","bottom",5,"Y",44,431145,NA,NA,"gid_2016_07_02_clemlb_tormlb_1","3-1"
